2976 4996
192 452 235 517 48
535 450 766 510 ΔΝΝΟΤΔΤΙΟ
786 450 943 510 CRITICA

273 625 289 678 6
311 621 376 678 Non
404 621 504 700 utique
528 621 685 700 requiritur
710 616 731 682 ὃ
755 620 889 698 idemque
911 619 940 677 in
962 618 1069 677 Comm.
1090 617 1200 677 Mosch.
1221 618 1301 676 etin

191 718 359 795 paraphrasi
391 718 446 777 AU
476 720 599 777 fortasse
630 738 688 776 non
719 716 861 777 lemmatis
892 717 943 775 sed
973 714 1217 792 interpretationis
1247 719 1299 772 est

191 815 294 874 Glosso
321 815 405 874 solita
431 815 625 874 vocativorum
654 820 698 873 est
723 809 751 875 ὖ.
792 814 912 889 Legitur
937 817 1034 871 tamen
1059 807 1079 873 ὃ
1101 810 1248 883 0.11,12,
1270 810 1300 866 in

191 912 276 970 simili
296 932 382 971 nexu.

275 1013 289 1064 7
318 1005 414 1088 ἵπποι]
442 1007 487 1074 riis
513 1009 552 1083 gl.
573 1010 609 1066 Δ.
652 1008 688 1064 In
715 1008 844 1081 marglne
870 1008 892 1065 C
919 1035 963 1088 η.
994 1013 1039 1068 ul
1060 1003 1153 1067 ‘imr-
1194 1003 1249 1066 'lm
1270 1003 1299 1065 ll

192 1100 277 1185 lupen
298 1099 384 1188 lgovc,
406 1107 442 1163 (le
464 1126 521 1184 quo
542 1105 660 1162 aliunde
680 1104 753 1162 nihil
772 1112 873 1162 nolum
894 1109 945 1163 esi.
966 1135 1006 1145 -
1027 1103 1130 1161 Glossa
1144 1119 1167 1166 N
1188 1099 1300 1179 πῖισμ,

190 1204 285 1286 βάρη
313 1204 388 1261 idem
416 1203 493 1280 apud
520 1202 631 1259 Mosen.
658 1206 686 1259 et
707 1202 818 1273 Germ.;
844 1202 944 1259 codem
965 1201 1061 1258 iacere
1082 1200 1197 1258 videtur
1216 1198 1300 1274 πιὲζιι

191 1300 222 1359 P.
238 1300 261 1371 I,
278 1304 313 1356 19
336 1307 365 1357 el
385 1299 490 1358 Aeseh.
512 1297 607 1356 Prom.
630 1302 686 1354 367
714 1296 853 1376 ι’πῦμικς
875 1296 987 1380 {ignem
1009 1295 1141 1363 Altinius
1161 1292 1222 1357 lits.
1263 1295 1300 1353 In

191 1416 249 1475 quo
269 1396 332 1455 loco
351 1395 514 1472 Aeschyleo
535 1398 596 1455 cod.
619 1396 711 1455 l'itcb.
733 1395 902 1472 ἷηιόμιης,
924 1395 972 1453 alii
993 1415 1062 1453 vero
1082 1393 1232 1472 lxvav'pum
1247 1394 1300 1451 ha·

191 1495 273 1564 bent,
302 1493 353 1551 sed
382 1498 480 1552 nostro
506 1492 567 1551 loco
594 1492 691 1551 nullus
718 1495 871 1573 (quantum
891 1493 961 1564 scio)
983 1489 1062 1553 laevir,
1104 1491 1201 1549 Etiam
1220 1490 1300 1568 apud

192 1589 319 1667 Hesych,
341 1595 370 1647 et
384 1588 518 1647 Photium
540 1588 672 1668 lmipu
694 1595 723 1648 ct
737 1588 897 1667 tnov'pmc
911 1589 1105 1661 inveniuntur,
1126 1617 1148 1648 π
1162 1587 1237 1646 male
1251 1608 1300 1661 ge-

190 1687 314 1757 minat0;
336 1687 372 1744 cf.
394 1686 428 1744 G.
450 1686 549 1744 Herm.
572 1688 609 1745 ad
630 1688 734 1745 Aesch.
757 1686 775 1746 l.
798 1687 815 1747 l

272 1784 329 1841 Sed
358 1782 416 1849 im
441 1784 512 1862 quid
538 1784 633 1842 vulcat
660 1804 718 1842 uon
745 1803 862 1861 prorsus
888 1783 987 1862 liquet.
1030 1784 1095 1842 sch.
1117 1785 1145 1839 A
1166 1779 1212 1847 vl·
1233 1809 1300 1843 η·

191 1879 250 1954 yr'l
259 1907 278 1941 a
298 1879 343 1945 ruli
365 1880 541 1956 a'srpu‘maeu
562 1882 598 1941 cf.
612 1882 739 1959 Hesych.
761 1881 819 1948 im
840 1883 905 1955 (scr.
921 1879 1016 1954 luris),
1037 1878 1070 1940 vi
1090 1877 1223 1957 'iprensi
1244 1864 1299 1945 uic

190 1985 258 2057 peel
278 1978 369 2052 (citou
390 1979 524 2036 Euslath.
538 1984 566 2036 et
580 1978 688 2036 Polluc.
712 1979 725 2043 ι’
747 1985 830 2051 mle
850 1977 900 2038 ui,
921 1976 1003 2056 μνῖν,
1025 1975 1185 2059 ἦμνᾶγςη
1206 1977 1299 2053 Phry·

191 2077 267 2135 rrich.
290 2076 303 2141 ι’
324 2073 415 2148 παγίς.
458 2076 542 2133 Unde
563 2081 643 2153 patet
657 2076 723 2133 Sch.
738 2079 764 2131 A
779 2078 905 2133 Aetnam
926 2095 983 2132 nou
1004 2095 1111 2146 enus,
1132 2075 1184 2132 aed
1205 2092 1299 2131 mus·

190 2172 350 2249 cipnlom
376 2173 524 2249 Typhonis
559 2172 744 2230 intellexisse.
772 2205 811 2214 -
836 2172 932 2229 Etiam
959 2172 1129 2246 generaliori
1156 2191 1243 2230 sensu
1269 2175 1300 2228 ct

191 2269 385 2347 Aeschyleum
416 2276 445 2326 et
472 2268 656 2327 Pindaricum
683 2267 776 2327 lecum
803 2268 1021 2345 explicaverunt
1045 2268 1236 2343 grammatici,
1266 2272 1300 2325 ul

190 2366 324 2424 Eustalh.
357 2364 430 2425 ι’ποῖν
444 2364 532 2447 ’ξῖμι
560 2364 591 2424 ri
617 2364 746 2437 βλέπειν
775 2365 852 2448 ugni
879 2366 1021 2444 Alcxe'hq,
1052 2372 1085 2425 ul
1104 2367 1180 2424 idem
1201 2364 1299 2423 valent

190 2463 268 2541 quod
289 2462 473 2520 Homericum
502 2461 644 2533 llutos.
671 2463 688 2521 i.
703 2482 727 2521 c.
754 2469 882 2545 φθιῖςιι,
899 2461 1038 2535 βλέπειν.
1081 2463 1128 2521 Ita
1148 2461 1206 2522 iun
1227 2462 1256 2520 ln
1279 2459 1298 2520 l.

191 2559 292 2618 Thom.
319 2565 348 2617 et
374 2558 458 2616 Tricl.
479 2557 598 2631 ρλᾶβυ,
624 2556 765 2641 rapueris»,
793 2558 901 2619 elsarn
924 2558 1077 2635 explicant,
1099 2560 1135 2616 dc
1156 2557 1298 2616 sententia

191 2656 381 2714 vetustiorum
409 2656 612 2732 interpretum,
635 2661 666 2712 ut
686 2655 809 2726 videtur,
829 2676 896 2713 num
917 2657 1011 2732 pergit
1032 2657 1097 2713 Sch.
1119 2659 1146 2712 A
1168 2654 1247 2716 aim
1267 2653 1297 2714 t}

190 2749 266 2819 rinae
292 2762 337 2813 aul
364 2748 421 2833 igar
446 2751 560 2818 erachia<
588 2748 655 2812 ’ἶπον
682 2750 867 2827 schama
894 2752 907 2811 ι’
928 2750 1024 2824 saveir.
1065 2755 1093 2809 A
1114 2771 1182 2810 vero
1202 2751 1298 2828 proxi·

190 2871 266 2908 maru
294 2869 356 2907 esse
385 2850 469 2907 credo
490 2848 614 2905 Dummii
635 2849 807 2925 opinionem,
829 2847 887 2909 lm
908 2849 1022 2926 proprie
1042 2868 1105 2906 csse
1125 2849 1155 2905 id
1175 2868 1247 2905 onus
1267 2847 1296 2904 in

189 2947 350 3024 muscipula
376 2967 433 3025 que
454 2966 518 3004 mus
539 2947 717 3022 opprimatur
737 2951 766 3003 ct
787 2945 953 3017 collidatur,
979 2945 1083 3003 deinde
1104 2944 1298 3021 metaphorice

190 3048 219 3103 et
239 3045 268 3103 in
290 3064 394 3119 genere
416 3064 478 3103 esse
500 3063 573 3101 euru
594 3064 651 3123 quo
673 3043 738 3122 quis
759 3049 908 3120 prematur
928 3042 975 3101 vel
996 3051 1169 3100 coerceatur.
1212 3044 1253 3099 At
1272 3040 1296 3097 si

190 3141 242 3201 iu
263 3143 310 3200 vel
330 3141 401 3202 im
422 3142 575 3218 respondet
598 3148 694 3199 nostm
715 3139 848 3216 alphen
871 3139 957 3213 (Pott.
972 3140 1004 3197 E.
1019 3139 1050 3197 F.
1070 3145 1093 3209 1,
1107 3139 1185 3210 259),
1206 3139 1298 3215 prima

189 3239 356 3313 significatio
385 3239 461 3296 cudit
486 3238 515 3295 in
543 3236 653 3312 lignum
680 3258 737 3315 quo
764 3241 840 3294 tacto
868 3242 897 3295 ct
918 3245 1059 3294 summoto
1080 3235 1204 3293 concidit
1225 3235 1298 3311 lapis

189 3335 350 3405 caudexve,
376 3335 502 3413 indeque
522 3334 609 3391 etiam
638 3340 697 3391 tota
724 3333 884 3409 muscipula
911 3335 952 3391 ita
978 3331 1131 3409 (ffssippe)
1158 3331 1298 3409 appellari

189 3436 284 3507 potest
309 3450 326 3487 u
352 3438 434 3507 parte
458 3430 576 3507 potiore.
618 3429 754 3503 Imagini,
779 3431 871 3501 dicas,
899 3431 966 3488 huic
991 3450 1050 3488 non
1071 3432 1143 3488 bene
1164 3426 1298 3487 convenit

189 3525 336 3601 epitheton
351 3531 534 3596 ventosae,
548 3525 599 3583 scd
613 3525 667 3583 hoc
681 3525 776 3582 minus
790 3527 877 3583 etiam
890 3527 1024 3585 convenit
1038 3526 1146 3585 notioni
1167 3525 1297 3585 oneris„

190 3620 249 3688 inc
269 3630 312 3679 est
333 3621 420 3679 ctiam
441 3621 588 3679 oculorum
610 3623 722 3681 affectio
743 3642 795 3701 per
816 3643 903 3702 quam
920 3624 962 3682 illi
975 3644 1124 3702 uunquam
1138 3624 1298 3703 quiescunt,

189 3720 241 3779 sed
254 3719 376 3778 hemula
397 3719 519 3777 subinde
539 3718 649 3777 nictant
670 3739 783 3799 semper
803 3721 963 3793 instabiles3
984 3721 1020 3780 ci.
1035 3722 1105 3780 Len
1120 3742 1142 3780 s.
1157 3741 1184 3778 v.
1206 3717 1297 3784 ‘ime

187 3816 232 3875 1²1.
259 3817 345 3876 ctiam
375 3813 447 3895 lm]
473 3816 585 3895 μέηιξ.
611 3817 737 3895 Hesych.
765 3818 811 3892 (cf.
839 3819 1001 3892 Anglorum
1027 3822 1159 3890 calip,
1185 3817 1221 3875 dc
1241 3820 1298 3874 trc-

188 3914 266 3973 mulo
287 3924 315 3972 et
337 3923 457 3973 nutante
478 3913 586 3989 flagelli
607 3916 698 3985 motu)
720 3914 796 3971 male
816 3916 967 3973 confusum
988 3922 1118 3974 osteum
1139 3909 1232 3992 ime]
1258 3932 1297 3972 sa·

187 4017 262 4090 plus
289 4006 409 4094 insign,
441 4032 488 4070 un
517 4012 580 4068 dos
608 4010 725 4080 d'due,
753 4017 851 4069 cautes
876 4012 1049 4070 submarina
1070 4045 1109 4054 —
1135 4011 1298 4089 Utrumque

189 4109 218 4183 (i.
237 4129 262 4167 e.
290 4117 318 4167 et
348 4110 407 4177 im
427 4112 551 4180 morbus,
572 4116 600 4166 et
622 4107 681 4173 inc
702 4109 821 4182 scutica)
842 4109 881 4166 ud
902 4110 1027 4169 radicem
1048 4109 1182 4185 mippcu
1203 4106 1298 4166 redire

188 4204 310 4262 videtur.

268 4307 286 4358 8
307 4300 364 4360 Ter
382 4302 468 4371 llus,
488 4303 582 4361 sexies
602 4301 676 4374 llius
696 4303 774 4379 apud
795 4302 952 4360 Pindarum
972 4302 1125 4360 invenitur.
1167 4298 1298 4380 Byzantii
