<?xml version="1.0" encoding="UTF-8"?>
<!DOCTYPE html PUBLIC "-//W3C//DTD XHTML 1.0 Transitional//EN"
    "http://www.w3.org/TR/xhtml1/DTD/xhtml1-transitional.dtd">
<html xmlns="http://www.w3.org/1999/xhtml" xml:lang="en" lang="en">
 <head>
  <title>
</title>
<meta http-equiv="Content-Type" content="text/html;charset=utf-8" />
  <meta name='ocr-system' content='tesseract 3.04.00' />
  <meta name='ocr-capabilities' content='ocr_page ocr_carea ocr_par ocr_line ocrx_word'/>
</head>
<body>
  <div class='ocr_page' id='page_1' title='image "annotationiscri00mommgoog_0105.png"; bbox 0 0 2976 4996; ppageno 0'>
   <div class='ocr_carea' id='block_1_1' title="bbox 564 460 1236 527">
    <p class='ocr_par' dir='ltr' id='par_1_1' title="bbox 564 460 1236 527">
     <span class='ocr_line' id='line_1_1' title="bbox 564 460 1236 527; baseline 0.01 -7"><span class='ocrx_word' id='word_1_1' title='bbox 564 462 620 520; x_wconf 82' lang='grc' dir='ltr'>ΔΙ)</span> <span class='ocrx_word' id='word_1_2' title='bbox 643 462 701 523; x_wconf 60' lang='lat'>01„</span> <span class='ocrx_word' id='word_1_3' title='bbox 722 460 805 522; x_wconf 82' lang='lat' dir='ltr'>vm</span> <span class='ocrx_word' id='word_1_4' title='bbox 1193 461 1236 527; x_wconf 78' lang='lat'>95</span> 
     </span>
    </p>
   </div>
   <div class='ocr_carea' id='block_1_2' title="bbox 125 626 1237 4094">
    <p class='ocr_par' dir='ltr' id='par_1_2' title="bbox 125 626 1237 3418">
     <span class='ocr_line' id='line_1_2' title="bbox 128 626 1236 707; baseline -0.001 -17"><span class='ocrx_word' id='word_1_5' title='bbox 128 652 185 690; x_wconf 88' lang='lat' dir='ltr'>uno</span> <span class='ocrx_word' id='word_1_6' title='bbox 207 631 269 692; x_wconf 89' lang='lat' dir='ltr'>loeo</span> <span class='ocrx_word' id='word_1_7' title='bbox 290 629 323 692; x_wconf 91' lang='lat'>0.</span> <span class='ocrx_word' id='word_1_8' title='bbox 338 629 421 688; x_wconf 82' lang='lat' dir='ltr'>vm.</span> <span class='ocrx_word' id='word_1_9' title='bbox 442 629 518 688; x_wconf 87' lang='lat' dir='ltr'>inter</span> <span class='ocrx_word' id='word_1_10' title='bbox 538 635 692 707; x_wconf 86' lang='lat' dir='ltr'>utramque</span> <span class='ocrx_word' id='word_1_11' title='bbox 712 629 836 686; x_wconf 80' lang='lat' dir='ltr'>forruam</span> <span class='ocrx_word' id='word_1_12' title='bbox 848 626 999 687; x_wconf 84' lang='lat' dir='ltr'>fluctuant</span> <span class='ocrx_word' id='word_1_13' title='bbox 1029 629 1236 707; x_wconf 82' lang='lat' dir='ltr'>Moaehopulua</span> 
     </span>
     <span class='ocr_line' id='line_1_3' title="bbox 128 723 1236 807; baseline -0.001 -20"><span class='ocrx_word' id='word_1_14' title='bbox 128 730 178 807; x_wconf 91' lang='lat' dir='ltr'>qui</span> <span class='ocrx_word' id='word_1_15' title='bbox 205 729 304 807; x_wconf 83' lang='lat' dir='ltr'>epieae</span> <span class='ocrx_word' id='word_1_16' title='bbox 329 725 526 803; x_wconf 71' lang='lat' dir='ltr'>productionis</span> <span class='ocrx_word' id='word_1_17' title='bbox 550 731 650 783; x_wconf 86' lang='lat' dir='ltr'>auctor</span> <span class='ocrx_word' id='word_1_18' title='bbox 675 724 799 796; x_wconf 72' lang='lat' dir='ltr'>exstitit,</span> <span class='ocrx_word' id='word_1_19' title='bbox 826 723 915 784; x_wconf 72' lang='lat' dir='ltr'>semel</span> <span class='ocrx_word' id='word_1_20' title='bbox 940 730 1055 785; x_wconf 87' lang='lat' dir='ltr'>tantum</span> <span class='ocrx_word' id='word_1_21' title='bbox 1074 725 1236 786; x_wconf 82' lang='lat' dir='ltr'>diaaenaurn</span> 
     </span>
     <span class='ocr_line' id='line_1_4' title="bbox 128 820 1237 897; baseline 0 -15"><span class='ocrx_word' id='word_1_22' title='bbox 128 825 196 884; x_wconf 75' lang='lat' dir='ltr'>tulit</span> <span class='ocrx_word' id='word_1_23' title='bbox 215 823 360 894; x_wconf 85' lang='lat' dir='ltr'>Triclinii,</span> <span class='ocrx_word' id='word_1_24' title='bbox 388 820 421 881; x_wconf 92' lang='lat' dir='ltr'>O.</span> <span class='ocrx_word' id='word_1_25' title='bbox 436 820 502 893; x_wconf 79' lang='lat' dir='ltr'>vn,</span> <span class='ocrx_word' id='word_1_26' title='bbox 524 826 559 878; x_wconf 88' lang='lat'>10</span> <span class='ocrx_word' id='word_1_27' title='bbox 581 821 630 879; x_wconf 86' lang='lat' dir='ltr'>ubi</span> <span class='ocrx_word' id='word_1_28' title='bbox 650 840 757 897; x_wconf 86' lang='lat' dir='ltr'>aueepa</span> <span class='ocrx_word' id='word_1_29' title='bbox 777 828 822 879; x_wconf 84' lang='lat' dir='ltr'>eat</span> <span class='ocrx_word' id='word_1_30' title='bbox 842 821 997 882; x_wconf 83' lang='lat' dir='ltr'>anaenuia.</span> <span class='ocrx_word' id='word_1_31' title='bbox 1038 821 1104 882; x_wconf 80' lang='lat' dir='ltr'>Ter</span> <span class='ocrx_word' id='word_1_32' title='bbox 1123 829 1237 882; x_wconf 83' lang='lat' dir='ltr'>tantum</span> 
     </span>
     <span class='ocr_line' id='line_1_5' title="bbox 127 916 1237 991; baseline 0 -12"><span class='ocrx_word' id='word_1_33' title='bbox 127 941 227 980; x_wconf 85' lang='lat' dir='ltr'>ernuea</span> <span class='ocrx_word' id='word_1_34' title='bbox 255 926 324 980; x_wconf 81' lang='lat' dir='ltr'>vett.</span> <span class='ocrx_word' id='word_1_35' title='bbox 353 937 420 978; x_wconf 82' lang='lat' dir='ltr'>maa.</span> <span class='ocrx_word' id='word_1_36' title='bbox 447 916 477 978; x_wconf 70' lang='grc' dir='ltr'>ου’</span> <span class='ocrx_word' id='word_1_37' title='bbox 503 917 698 988; x_wconf 83' lang='lat' dir='ltr'>tradiderunt,</span> <span class='ocrx_word' id='word_1_38' title='bbox 724 916 879 988; x_wconf 79' lang='lat' dir='ltr'>0.111,aa</span> <span class='ocrx_word' id='word_1_39' title='bbox 908 924 938 976; x_wconf 94' lang='lat' dir='ltr'>et</span> <span class='ocrx_word' id='word_1_40' title='bbox 961 918 1106 991; x_wconf 70' lang='lat'>1.111,13</span> <span class='ocrx_word' id='word_1_41' title='bbox 1127 920 1158 977; x_wconf 92' lang='lat' dir='ltr'>in</span> <span class='ocrx_word' id='word_1_42' title='bbox 1179 921 1237 979; x_wconf 80' lang='lat' dir='ltr'>arai</span> 
     </span>
     <span class='ocr_line' id='line_1_6' title="bbox 128 1013 1236 1092; baseline 0.002 -18"><span class='ocrx_word' id='word_1_43' title='bbox 128 1017 280 1088; x_wconf 82' lang='lat' dir='ltr'>troehniea,</span> <span class='ocrx_word' id='word_1_44' title='bbox 300 1021 329 1075; x_wconf 86' lang='lat' dir='ltr'>et</span> <span class='ocrx_word' id='word_1_45' title='bbox 348 1015 384 1075; x_wconf 85' lang='lat' dir='ltr'>N.</span> <span class='ocrx_word' id='word_1_46' title='bbox 400 1014 449 1087; x_wconf 85' lang='lat' dir='ltr'>IV,</span> <span class='ocrx_word' id='word_1_47' title='bbox 464 1018 500 1071; x_wconf 76' lang='lat'>75</span> <span class='ocrx_word' id='word_1_48' title='bbox 522 1014 551 1072; x_wconf 90' lang='lat' dir='ltr'>in</span> <span class='ocrx_word' id='word_1_49' title='bbox 572 1013 705 1072; x_wconf 84' lang='lat' dir='ltr'>auaeruai</span> <span class='ocrx_word' id='word_1_50' title='bbox 725 1013 794 1072; x_wconf 88' lang='lat' dir='ltr'>alibi</span> <span class='ocrx_word' id='word_1_51' title='bbox 814 1033 928 1092; x_wconf 76' lang='lat' dir='ltr'>semper</span> <span class='ocrx_word' id='word_1_52' title='bbox 947 1013 1041 1091; x_wconf 76' lang='lat' dir='ltr'>longa.</span> <span class='ocrx_word' id='word_1_53' title='bbox 1080 1015 1236 1091; x_wconf 82' lang='lat' dir='ltr'>Conaenau,</span> 
     </span>
     <span class='ocr_line' id='line_1_7' title="bbox 129 1109 1237 1194; baseline 0 -21"><span class='ocrx_word' id='word_1_54' title='bbox 129 1135 195 1173; x_wconf 88' lang='lat' dir='ltr'>nam</span> <span class='ocrx_word' id='word_1_55' title='bbox 216 1114 294 1194; x_wconf 87' lang='lat' dir='ltr'>quod</span> <span class='ocrx_word' id='word_1_56' title='bbox 315 1111 470 1183; x_wconf 69' lang='grc'><strong>011136</strong></span> <span class='ocrx_word' id='word_1_57' title='bbox 491 1112 549 1170; x_wconf 90' lang='lat' dir='ltr'>duo</span> <span class='ocrx_word' id='word_1_58' title='bbox 569 1131 637 1170; x_wconf 72' lang='lat' dir='ltr'>rnna.</span> <span class='ocrx_word' id='word_1_59' title='bbox 658 1109 736 1186; x_wconf 73' lang='lat' dir='ltr'>(No)</span> <span class='ocrx_word' id='word_1_60' title='bbox 766 1110 805 1171; x_wconf 64' lang='lat' dir='ltr'>Sa</span> <span class='ocrx_word' id='word_1_61' title='bbox 827 1111 969 1184; x_wconf 87' lang='lat' dir='ltr'>aeribunt,</span> <span class='ocrx_word' id='word_1_62' title='bbox 995 1111 1024 1169; x_wconf 88' lang='lat' dir='ltr'>id</span> <span class='ocrx_word' id='word_1_63' title='bbox 1045 1113 1237 1189; x_wconf 74' lang='lat' dir='ltr'>negligentiae</span> 
     </span>
     <span class='ocr_line' id='line_1_8' title="bbox 127 1209 1236 1289; baseline 0.003 -21"><span class='ocrx_word' id='word_1_64' title='bbox 127 1230 227 1268; x_wconf 86' lang='lat' dir='ltr'>eorum</span> <span class='ocrx_word' id='word_1_65' title='bbox 257 1211 361 1286; x_wconf 73' lang='lat' dir='ltr'>inaigni</span> <span class='ocrx_word' id='word_1_66' title='bbox 392 1210 576 1269; x_wconf 87' lang='lat' dir='ltr'>tribuendum</span> <span class='ocrx_word' id='word_1_67' title='bbox 608 1214 660 1269; x_wconf 81' lang='lat' dir='ltr'>eat</span> <span class='ocrx_word' id='word_1_68' title='bbox 703 1209 747 1268; x_wconf 89' lang='lat' dir='ltr'>De</span> <span class='ocrx_word' id='word_1_69' title='bbox 773 1209 837 1268; x_wconf 86' lang='lat' dir='ltr'>aliia</span> <span class='ocrx_word' id='word_1_70' title='bbox 859 1209 987 1281; x_wconf 82' lang='lat' dir='ltr'>voeibua,</span> <span class='ocrx_word' id='word_1_71' title='bbox 1018 1229 1094 1289; x_wconf 86' lang='lat' dir='ltr'>quae</span> <span class='ocrx_word' id='word_1_72' title='bbox 1114 1212 1236 1271; x_wconf 85' lang='lat' dir='ltr'>eandem</span> 
     </span>
     <span class='ocr_line' id='line_1_9' title="bbox 128 1301 1236 1389; baseline 0.004 -26"><span class='ocrx_word' id='word_1_73' title='bbox 128 1307 315 1367; x_wconf 71' lang='lat' dir='ltr'>mutationem</span> <span class='ocrx_word' id='word_1_74' title='bbox 339 1307 503 1385; x_wconf 63' lang='lat' dir='ltr'>patiuntur.</span> <span class='ocrx_word' id='word_1_75' title='bbox 530 1314 563 1366; x_wconf 68' lang='lat' dir='ltr'>ut</span> <span class='ocrx_word' id='word_1_76' title='bbox 587 1304 681 1389; x_wconf 66' lang='lat' dir='ltr'>stiga.</span> <span class='ocrx_word' id='word_1_77' title='bbox 706 1306 815 1385; x_wconf 64' lang='lat' dir='ltr'>paine,</span> <span class='ocrx_word' id='word_1_78' title='bbox 843 1305 945 1373; x_wconf 62' lang='lat' dir='ltr'>vairos.</span> <span class='ocrx_word' id='word_1_79' title='bbox 973 1301 1060 1388; x_wconf 62' lang='lat' dir='ltr'>erigor,</span> <span class='ocrx_word' id='word_1_80' title='bbox 1090 1307 1236 1386; x_wconf 61' lang='grc' dir='ltr'>σῦλῖμυος,</span> 
     </span>
     <span class='ocr_line' id='line_1_10' title="bbox 126 1402 1236 1487; baseline 0.002 -24"><span class='ocrx_word' id='word_1_81' title='bbox 126 1403 259 1476; x_wconf 63' lang='grc' dir='ltr'>γούνων.</span> <span class='ocrx_word' id='word_1_82' title='bbox 281 1402 364 1485; x_wconf 64' lang='lat' dir='ltr'>tangi,</span> <span class='ocrx_word' id='word_1_83' title='bbox 386 1404 518 1487; x_wconf 53' lang='lat' dir='ltr'>infigura.</span> <span class='ocrx_word' id='word_1_84' title='bbox 532 1403 623 1463; x_wconf 89' lang='lat' dir='ltr'>multo</span> <span class='ocrx_word' id='word_1_85' title='bbox 638 1405 694 1464; x_wconf 83' lang='lat' dir='ltr'>fuit</span> <span class='ocrx_word' id='word_1_86' title='bbox 707 1405 823 1463; x_wconf 87' lang='lat' dir='ltr'>traditio</span> <span class='ocrx_word' id='word_1_87' title='bbox 837 1405 1022 1465; x_wconf 86' lang='lat' dir='ltr'>eonatantior.</span> <span class='ocrx_word' id='word_1_88' title='bbox 1050 1402 1132 1468; x_wconf 83' lang='lat' dir='ltr'>Quae</span> <span class='ocrx_word' id='word_1_89' title='bbox 1146 1426 1236 1485; x_wconf 85' lang='lat' dir='ltr'>quum</span> 
     </span>
     <span class='ocr_line' id='line_1_11' title="bbox 126 1501 1235 1579; baseline 0.004 -20"><span class='ocrx_word' id='word_1_90' title='bbox 126 1501 235 1560; x_wconf 80' lang='lat' dir='ltr'>eernel</span> <span class='ocrx_word' id='word_1_91' title='bbox 263 1507 298 1560; x_wconf 89' lang='lat' dir='ltr'>et</span> <span class='ocrx_word' id='word_1_92' title='bbox 326 1501 442 1561; x_wconf 83' lang='lat' dir='ltr'>vieiea</span> <span class='ocrx_word' id='word_1_93' title='bbox 469 1501 548 1579; x_wconf 85' lang='lat' dir='ltr'>apud</span> <span class='ocrx_word' id='word_1_94' title='bbox 573 1509 689 1579; x_wconf 80' lang='lat' dir='ltr'>poetam</span> <span class='ocrx_word' id='word_1_95' title='bbox 715 1502 915 1572; x_wconf 75' lang='lat' dir='ltr'>inveniantur,</span> <span class='ocrx_word' id='word_1_96' title='bbox 943 1501 1023 1560; x_wconf 88' lang='lat' dir='ltr'>uullo</span> <span class='ocrx_word' id='word_1_97' title='bbox 1050 1507 1148 1560; x_wconf 86' lang='lat' dir='ltr'>tamen</span> <span class='ocrx_word' id='word_1_98' title='bbox 1174 1502 1235 1564; x_wconf 88' lang='lat' dir='ltr'>loeo</span> 
     </span>
     <span class='ocr_line' id='line_1_12' title="bbox 127 1598 1235 1672; baseline 0.005 -17"><span class='ocrx_word' id='word_1_99' title='bbox 127 1599 167 1657; x_wconf 85' lang='lat' dir='ltr'>ita</span> <span class='ocrx_word' id='word_1_100' title='bbox 188 1598 269 1657; x_wconf 81' lang='lat' dir='ltr'>utin</span> <span class='ocrx_word' id='word_1_101' title='bbox 290 1599 423 1658; x_wconf 86' lang='lat' dir='ltr'>omnibua</span> <span class='ocrx_word' id='word_1_102' title='bbox 449 1606 518 1658; x_wconf 82' lang='lat' dir='ltr'>vett</span> <span class='ocrx_word' id='word_1_103' title='bbox 540 1618 606 1659; x_wconf 85' lang='lat' dir='ltr'>maa.</span> <span class='ocrx_word' id='word_1_104' title='bbox 628 1619 809 1658; x_wconf 82' lang='lat' dir='ltr'>communem</span> <span class='ocrx_word' id='word_1_105' title='bbox 829 1599 953 1658; x_wconf 78' lang='lat' dir='ltr'>formem</span> <span class='ocrx_word' id='word_1_106' title='bbox 973 1600 1127 1672; x_wconf 78' lang='lat' dir='ltr'>traxerint,</span> <span class='ocrx_word' id='word_1_107' title='bbox 1148 1600 1235 1661; x_wconf 88' lang='lat' dir='ltr'>immo</span> 
     </span>
     <span class='ocr_line' id='line_1_13' title="bbox 127 1693 1235 1774; baseline 0.006 -23"><span class='ocrx_word' id='word_1_108' title='bbox 127 1695 155 1753; x_wconf 88' lang='lat' dir='ltr'>in</span> <span class='ocrx_word' id='word_1_109' title='bbox 177 1693 382 1773; x_wconf 77' lang='lat' dir='ltr'>quindecim</span> <span class='ocrx_word' id='word_1_110' title='bbox 404 1695 553 1769; x_wconf 83' lang='lat' dir='ltr'>(tribua,</span> <span class='ocrx_word' id='word_1_111' title='bbox 573 1695 624 1774; x_wconf 94' lang='lat' dir='ltr'>qui</span> <span class='ocrx_word' id='word_1_112' title='bbox 644 1695 674 1752; x_wconf 89' lang='lat' dir='ltr'>in</span> <span class='ocrx_word' id='word_1_113' title='bbox 695 1694 790 1752; x_wconf 88' lang='lat' dir='ltr'>theain</span> <span class='ocrx_word' id='word_1_114' title='bbox 812 1694 951 1767; x_wconf 82' lang='lat' dir='ltr'>ineidunt,</span> <span class='ocrx_word' id='word_1_115' title='bbox 970 1696 1099 1769; x_wconf 83' lang='lat' dir='ltr'>ineluaia)</span> <span class='ocrx_word' id='word_1_116' title='bbox 1120 1717 1184 1755; x_wconf 87' lang='lat' dir='ltr'>eam</span> <span class='ocrx_word' id='word_1_117' title='bbox 1199 1718 1235 1759; x_wconf 88' lang='lat' dir='ltr'>ne</span> 
     </span>
     <span class='ocr_line' id='line_1_14' title="bbox 127 1791 1236 1870; baseline 0.005 -21"><span class='ocrx_word' id='word_1_118' title='bbox 127 1811 201 1849; x_wconf 88' lang='lat' dir='ltr'>unua</span> <span class='ocrx_word' id='word_1_119' title='bbox 227 1791 344 1869; x_wconf 84' lang='lat' dir='ltr'>quidem</span> <span class='ocrx_word' id='word_1_120' title='bbox 370 1791 461 1849; x_wconf 82' lang='lat' dir='ltr'>codex</span> <span class='ocrx_word' id='word_1_121' title='bbox 488 1797 629 1868; x_wconf 63' lang='lat' dir='ltr'>prauam,</span> <span class='ocrx_word' id='word_1_122' title='bbox 659 1791 688 1848; x_wconf 89' lang='lat' dir='ltr'>in</span> <span class='ocrx_word' id='word_1_123' title='bbox 715 1811 777 1850; x_wconf 85' lang='lat' dir='ltr'>aex</span> <span class='ocrx_word' id='word_1_124' title='bbox 802 1791 957 1870; x_wconf 75' lang='lat' dir='ltr'>reliquia*)</span> <span class='ocrx_word' id='word_1_125' title='bbox 979 1794 1070 1870; x_wconf 88' lang='lat' dir='ltr'>pnuei.</span> <span class='ocrx_word' id='word_1_126' title='bbox 1112 1795 1160 1852; x_wconf 79' lang='lat' dir='ltr'>Au</span> <span class='ocrx_word' id='word_1_127' title='bbox 1181 1795 1236 1855; x_wconf 86' lang='lat' dir='ltr'>hoe</span> 
     </span>
     <span class='ocr_line' id='line_1_15' title="bbox 126 1887 1236 1964; baseline 0.005 -19"><span class='ocrx_word' id='word_1_128' title='bbox 126 1895 239 1945; x_wconf 84' lang='lat' dir='ltr'>tautum</span> <span class='ocrx_word' id='word_1_129' title='bbox 260 1907 319 1945; x_wconf 90' lang='lat' dir='ltr'>uon</span> <span class='ocrx_word' id='word_1_130' title='bbox 339 1907 440 1945; x_wconf 72' lang='lat' dir='ltr'>omnen</span> <span class='ocrx_word' id='word_1_131' title='bbox 461 1887 490 1948; x_wconf 71' lang='grc' dir='ltr'>ω’</span> <span class='ocrx_word' id='word_1_132' title='bbox 511 1887 667 1964; x_wconf 78' lang='lat' dir='ltr'>postulant,</span> <span class='ocrx_word' id='word_1_133' title='bbox 688 1895 720 1946; x_wconf 95' lang='lat' dir='ltr'>ut</span> <span class='ocrx_word' id='word_1_134' title='bbox 741 1888 771 1945; x_wconf 89' lang='lat' dir='ltr'>iu</span> <span class='ocrx_word' id='word_1_135' title='bbox 791 1887 849 1946; x_wconf 76' lang='lat' dir='ltr'>arei</span> <span class='ocrx_word' id='word_1_136' title='bbox 862 1889 1062 1948; x_wconf 72' lang='lat' dir='ltr'>neceesarium</span> <span class='ocrx_word' id='word_1_137' title='bbox 1078 1921 1117 1932; x_wconf 91' lang='lat'><em>-</em></span> <span class='ocrx_word' id='word_1_138' title='bbox 1130 1889 1236 1949; x_wconf 81' lang='lat' dir='ltr'>Differt</span> 
     </span>
     <span class='ocr_line' id='line_1_16' title="bbox 126 1983 1236 2064; baseline 0.003 -22"><span class='ocrx_word' id='word_1_139' title='bbox 126 1984 213 2058; x_wconf 73' lang='lat' dir='ltr'>igitur</span> <span class='ocrx_word' id='word_1_140' title='bbox 233 1987 269 2042; x_wconf 76' lang='lat' dir='ltr'>ub</span> <span class='ocrx_word' id='word_1_141' title='bbox 291 1983 336 2041; x_wconf 71' lang='lat' dir='ltr'>hi!</span> <span class='ocrx_word' id='word_1_142' title='bbox 356 1983 497 2062; x_wconf 67' lang='lat' dir='ltr'>exempli!</span> <span class='ocrx_word' id='word_1_143' title='bbox 516 1983 596 2063; x_wconf 76' lang='lat' dir='ltr'>quod</span> <span class='ocrx_word' id='word_1_144' title='bbox 616 1983 653 2042; x_wconf 73' lang='lat' dir='ltr'>de</span> <span class='ocrx_word' id='word_1_145' title='bbox 672 1983 773 2042; x_wconf 76' lang='lat' dir='ltr'>sormi!</span> <span class='ocrx_word' id='word_1_146' title='bbox 793 1983 923 2062; x_wconf 68' lang='grc' dir='ltr'>Ὀλυμ·-</span> <span class='ocrx_word' id='word_1_147' title='bbox 944 1990 974 2042; x_wconf 73' lang='lat' dir='ltr'>et</span> <span class='ocrx_word' id='word_1_148' title='bbox 987 1983 1126 2064; x_wconf 64' lang='grc' dir='ltr'>Ου’λυμτ-</span> <span class='ocrx_word' id='word_1_149' title='bbox 1148 1987 1236 2045; x_wconf 66' lang='lat' dir='ltr'>iradi-</span> 
     </span>
     <span class='ocr_line' id='line_1_17' title="bbox 126 2078 1234 2160; baseline 0.003 -22"><span class='ocrx_word' id='word_1_150' title='bbox 126 2088 187 2139; x_wconf 84' lang='lat' dir='ltr'>tum</span> <span class='ocrx_word' id='word_1_151' title='bbox 208 2081 356 2139; x_wconf 72' lang='lat' dir='ltr'>hebemus.</span> <span class='ocrx_word' id='word_1_152' title='bbox 388 2078 500 2139; x_wconf 85' lang='lat' dir='ltr'>Omiaao</span> <span class='ocrx_word' id='word_1_153' title='bbox 520 2080 557 2141; x_wconf 78' lang='lat' dir='ltr'>N.</span> <span class='ocrx_word' id='word_1_154' title='bbox 572 2080 610 2155; x_wconf 80' lang='lat' dir='ltr'>X,</span> <span class='ocrx_word' id='word_1_155' title='bbox 624 2083 662 2138; x_wconf 68' lang='lat' dir='ltr'>at</span> <span class='ocrx_word' id='word_1_156' title='bbox 683 2081 732 2160; x_wconf 90' lang='lat' dir='ltr'>qui</span> <span class='ocrx_word' id='word_1_157' title='bbox 753 2081 872 2140; x_wconf 73' lang='lat' dir='ltr'>mutilus</span> <span class='ocrx_word' id='word_1_158' title='bbox 892 2085 944 2153; x_wconf 77' lang='lat' dir='ltr'>eat,</span> <span class='ocrx_word' id='word_1_159' title='bbox 964 2087 1075 2141; x_wconf 83' lang='lat' dir='ltr'>reatant</span> <span class='ocrx_word' id='word_1_160' title='bbox 1095 2089 1234 2160; x_wconf 89' lang='lat' dir='ltr'>aeptem</span> 
     </span>
     <span class='ocr_line' id='line_1_18' title="bbox 127 2176 1234 2256; baseline 0.003 -21"><span class='ocrx_word' id='word_1_161' title='bbox 127 2178 188 2236; x_wconf 85' lang='lat' dir='ltr'>loci.</span> <span class='ocrx_word' id='word_1_162' title='bbox 228 2177 273 2235; x_wconf 82' lang='lat' dir='ltr'>Ex</span> <span class='ocrx_word' id='word_1_163' title='bbox 294 2177 400 2256; x_wconf 84' lang='lat' dir='ltr'>quibua</span> <span class='ocrx_word' id='word_1_164' title='bbox 419 2178 493 2236; x_wconf 86' lang='lat' dir='ltr'>duaa</span> <span class='ocrx_word' id='word_1_165' title='bbox 513 2183 590 2237; x_wconf 86' lang='lat' dir='ltr'>reete</span> <span class='ocrx_word' id='word_1_166' title='bbox 611 2196 729 2237; x_wconf 75' lang='lat' dir='ltr'>aenaeae</span> <span class='ocrx_word' id='word_1_167' title='bbox 749 2177 885 2237; x_wconf 84' lang='lat' dir='ltr'>ridentur</span> <span class='ocrx_word' id='word_1_168' title='bbox 905 2178 1037 2255; x_wconf 61' lang='lat' dir='ltr'>Bwuutii</span> <span class='ocrx_word' id='word_1_169' title='bbox 1051 2176 1084 2237; x_wconf 90' lang='grc' dir='ltr'>Ο.</span> <span class='ocrx_word' id='word_1_170' title='bbox 1098 2179 1185 2252; x_wconf 73' lang='lat' dir='ltr'>XIII,</span> <span class='ocrx_word' id='word_1_171' title='bbox 1197 2184 1234 2238; x_wconf 77' lang='lat'>88</span> 
     </span>
     <span class='ocr_line' id='line_1_19' title="bbox 125 2274 1235 2355; baseline 0.003 -22"><span class='ocrx_word' id='word_1_172' title='bbox 125 2283 156 2334; x_wconf 88' lang='lat' dir='ltr'>et</span> <span class='ocrx_word' id='word_1_173' title='bbox 175 2274 206 2333; x_wconf 88' lang='lat' dir='ltr'>P.</span> <span class='ocrx_word' id='word_1_174' title='bbox 227 2275 277 2347; x_wconf 80' lang='lat' dir='ltr'>IV,</span> <span class='ocrx_word' id='word_1_175' title='bbox 290 2279 347 2332; x_wconf 77' lang='lat'>214</span> <span class='ocrx_word' id='word_1_176' title='bbox 375 2275 424 2334; x_wconf 89' lang='lat' dir='ltr'>ubi</span> <span class='ocrx_word' id='word_1_177' title='bbox 445 2275 538 2354; x_wconf 86' lang='lat' dir='ltr'>prima</span> <span class='ocrx_word' id='word_1_178' title='bbox 557 2275 669 2354; x_wconf 72' lang='lat' dir='ltr'>syllaba</span> <span class='ocrx_word' id='word_1_179' title='bbox 689 2276 719 2333; x_wconf 91' lang='lat' dir='ltr'>iu</span> <span class='ocrx_word' id='word_1_180' title='bbox 740 2275 797 2333; x_wconf 80' lang='lat' dir='ltr'>arai</span> <span class='ocrx_word' id='word_1_181' title='bbox 817 2279 875 2349; x_wconf 85' lang='lat' dir='ltr'>eat;</span> <span class='ocrx_word' id='word_1_182' title='bbox 900 2275 938 2334; x_wconf 89' lang='lat' dir='ltr'>de</span> <span class='ocrx_word' id='word_1_183' title='bbox 958 2275 1085 2355; x_wconf 85' lang='lat' dir='ltr'>reliquia,</span> <span class='ocrx_word' id='word_1_184' title='bbox 1105 2276 1153 2335; x_wconf 88' lang='lat' dir='ltr'>ubi</span> <span class='ocrx_word' id='word_1_185' title='bbox 1174 2277 1235 2336; x_wconf 84' lang='lat' dir='ltr'>aive</span> 
     </span>
     <span class='ocr_line' id='line_1_20' title="bbox 125 2371 1235 2452; baseline 0.002 -22"><span class='ocrx_word' id='word_1_186' title='bbox 125 2372 155 2430; x_wconf 92' lang='lat' dir='ltr'>in</span> <span class='ocrx_word' id='word_1_187' title='bbox 175 2373 251 2431; x_wconf 76' lang='lat' dir='ltr'>thesi</span> <span class='ocrx_word' id='word_1_188' title='bbox 271 2379 315 2430; x_wconf 88' lang='lat' dir='ltr'>eat</span> <span class='ocrx_word' id='word_1_189' title='bbox 334 2371 396 2431; x_wconf 85' lang='lat' dir='ltr'>aire</span> <span class='ocrx_word' id='word_1_190' title='bbox 416 2372 446 2430; x_wconf 90' lang='lat' dir='ltr'>iu</span> <span class='ocrx_word' id='word_1_191' title='bbox 467 2372 613 2443; x_wconf 81' lang='lat' dir='ltr'>anaemai,</span> <span class='ocrx_word' id='word_1_192' title='bbox 640 2378 684 2430; x_wconf 90' lang='lat' dir='ltr'>eat</span> <span class='ocrx_word' id='word_1_193' title='bbox 711 2377 744 2430; x_wconf 90' lang='lat' dir='ltr'>ut</span> <span class='ocrx_word' id='word_1_194' title='bbox 763 2371 935 2444; x_wconf 75' lang='lat' dir='ltr'>dubitemus,</span> <span class='ocrx_word' id='word_1_195' title='bbox 955 2372 1125 2450; x_wconf 77' lang='lat' dir='ltr'>praesertim</span> <span class='ocrx_word' id='word_1_196' title='bbox 1145 2393 1235 2452; x_wconf 87' lang='lat' dir='ltr'>quum</span> 
     </span>
     <span class='ocr_line' id='line_1_21' title="bbox 125 2468 1233 2546; baseline 0.004 -20"><span class='ocrx_word' id='word_1_197' title='bbox 125 2488 225 2528; x_wconf 86' lang='lat' dir='ltr'>ornnea</span> <span class='ocrx_word' id='word_1_198' title='bbox 256 2489 314 2527; x_wconf 92' lang='lat' dir='ltr'>nou</span> <span class='ocrx_word' id='word_1_199' title='bbox 345 2468 439 2528; x_wconf 86' lang='lat' dir='ltr'>aoluru</span> <span class='ocrx_word' id='word_1_200' title='bbox 471 2469 626 2527; x_wconf 84' lang='lat' dir='ltr'>neminie</span> <span class='ocrx_word' id='word_1_201' title='bbox 654 2469 791 2546; x_wconf 87' lang='lat' dir='ltr'>proprii</span> <span class='ocrx_word' id='word_1_202' title='bbox 819 2469 1048 2533; x_wconf 77' lang='lat' dir='ltr'>exeusationem.</span> <span class='ocrx_word' id='word_1_203' title='bbox 1074 2470 1127 2528; x_wconf 86' lang='lat' dir='ltr'>aed</span> <span class='ocrx_word' id='word_1_204' title='bbox 1146 2471 1233 2530; x_wconf 88' lang='lat' dir='ltr'>etiarn</span> 
     </span>
     <span class='ocr_line' id='line_1_22' title="bbox 126 2564 1233 2643; baseline 0.004 -21"><span class='ocrx_word' id='word_1_205' title='bbox 126 2564 230 2641; x_wconf 85' lang='lat' dir='ltr'>primi</span> <span class='ocrx_word' id='word_1_206' title='bbox 250 2565 468 2643; x_wconf 82' lang='lat' dir='ltr'>ayaternatia</span> <span class='ocrx_word' id='word_1_207' title='bbox 488 2564 535 2624; x_wconf 79' lang='lat' dir='ltr'>rel</span> <span class='ocrx_word' id='word_1_208' title='bbox 556 2565 671 2624; x_wconf 86' lang='lat' dir='ltr'>veniam</span> <span class='ocrx_word' id='word_1_209' title='bbox 685 2564 733 2624; x_wconf 80' lang='lat' dir='ltr'>vol</span> <span class='ocrx_word' id='word_1_210' title='bbox 751 2583 882 2623; x_wconf 89' lang='lat' dir='ltr'>normam</span> <span class='ocrx_word' id='word_1_211' title='bbox 895 2565 1030 2625; x_wconf 88' lang='lat' dir='ltr'>habeant.</span> <span class='ocrx_word' id='word_1_212' title='bbox 1063 2564 1138 2625; x_wconf 83' lang='lat' dir='ltr'>Sunt</span> <span class='ocrx_word' id='word_1_213' title='bbox 1157 2567 1233 2626; x_wconf 88' lang='lat' dir='ltr'>enirn</span> 
     </span>
     <span class='ocr_line' id='line_1_23' title="bbox 125 2661 1233 2736; baseline 0.002 -16"><span class='ocrx_word' id='word_1_214' title='bbox 125 2663 155 2720; x_wconf 83' lang='lat' dir='ltr'>hi</span> <span class='ocrx_word' id='word_1_215' title='bbox 177 2661 286 2736; x_wconf 74' lang='grc'><strong>(1111,</strong></span> <span class='ocrx_word' id='word_1_216' title='bbox 310 2668 352 2722; x_wconf 74' lang='lat'>15.</span> <span class='ocrx_word' id='word_1_217' title='bbox 375 2663 408 2735; x_wconf 77' lang='lat' dir='ltr'>V,</span> <span class='ocrx_word' id='word_1_218' title='bbox 426 2669 451 2722; x_wconf 72' lang='lat'>2.</span> <span class='ocrx_word' id='word_1_219' title='bbox 474 2661 585 2734; x_wconf 77' lang='lat' dir='ltr'>V111‚1</span> <span class='ocrx_word' id='word_1_220' title='bbox 608 2663 639 2721; x_wconf 91' lang='lat' dir='ltr'>in</span> <span class='ocrx_word' id='word_1_221' title='bbox 660 2663 749 2735; x_wconf 86' lang='lat' dir='ltr'>theai;</span> <span class='ocrx_word' id='word_1_222' title='bbox 778 2662 828 2734; x_wconf 89' lang='lat' dir='ltr'>IV,</span> <span class='ocrx_word' id='word_1_223' title='bbox 843 2669 869 2721; x_wconf 73' lang='lat'>8.</span> <span class='ocrx_word' id='word_1_224' title='bbox 891 2662 956 2735; x_wconf 80' lang='lat' dir='ltr'>VII,</span> <span class='ocrx_word' id='word_1_225' title='bbox 974 2667 1009 2720; x_wconf 92' lang='grc'>10</span> <span class='ocrx_word' id='word_1_226' title='bbox 1037 2663 1066 2720; x_wconf 88' lang='lat' dir='ltr'>in</span> <span class='ocrx_word' id='word_1_227' title='bbox 1092 2663 1233 2722; x_wconf 84' lang='lat' dir='ltr'>nnaenrai</span> 
     </span>
     <span class='ocr_line' id='line_1_24' title="bbox 127 2758 1235 2840; baseline 0.004 -26"><span class='ocrx_word' id='word_1_228' title='bbox 127 2758 160 2815; x_wconf 91' lang='lat' dir='ltr'>ld</span> <span class='ocrx_word' id='word_1_229' title='bbox 181 2759 257 2817; x_wconf 83' lang='lat' dir='ltr'>enirn</span> <span class='ocrx_word' id='word_1_230' title='bbox 278 2759 396 2836; x_wconf 88' lang='lat' dir='ltr'>preniua</span> <span class='ocrx_word' id='word_1_231' title='bbox 421 2760 458 2816; x_wconf 89' lang='lat' dir='ltr'>ud</span> <span class='ocrx_word' id='word_1_232' title='bbox 480 2760 565 2818; x_wconf 82' lang='lat' dir='ltr'>fidem</span> <span class='ocrx_word' id='word_1_233' title='bbox 587 2766 631 2818; x_wconf 89' lang='lat' dir='ltr'>eat</span> <span class='ocrx_word' id='word_1_234' title='bbox 651 2760 782 2818; x_wconf 79' lang='lat' dir='ltr'>consulto</span> <span class='ocrx_word' id='word_1_235' title='bbox 803 2778 891 2838; x_wconf 88' lang='lat' dir='ltr'>quam</span> <span class='ocrx_word' id='word_1_236' title='bbox 912 2779 981 2819; x_wconf 84' lang='lat' dir='ltr'>eaau</span> <span class='ocrx_word' id='word_1_237' title='bbox 1000 2759 1098 2840; x_wconf 88' lang='lat' dir='ltr'>aliquo</span> <span class='ocrx_word' id='word_1_238' title='bbox 1119 2760 1167 2818; x_wconf 78' lang='lat' dir='ltr'>rel</span> <span class='ocrx_word' id='word_1_239' title='bbox 1186 2781 1235 2838; x_wconf 92' lang='lat' dir='ltr'>pe-</span> 
     </span>
     <span class='ocr_line' id='line_1_25' title="bbox 125 2853 1233 2934; baseline 0.003 -22"><span class='ocrx_word' id='word_1_240' title='bbox 125 2853 225 2913; x_wconf 87' lang='lat' dir='ltr'>culiari</span> <span class='ocrx_word' id='word_1_241' title='bbox 254 2855 435 2914; x_wconf 84' lang='lat' dir='ltr'>librarionun</span> <span class='ocrx_word' id='word_1_242' title='bbox 461 2857 500 2914; x_wconf 87' lang='lat' dir='ltr'>ad</span> <span class='ocrx_word' id='word_1_243' title='bbox 526 2857 638 2933; x_wconf 63' lang='lat' dir='ltr'>inoper-</span> <span class='ocrx_word' id='word_1_244' title='bbox 666 2856 888 2933; x_wconf 81' lang='lat' dir='ltr'>praeferendum</span> <span class='ocrx_word' id='word_1_245' title='bbox 914 2857 1105 2934; x_wconf 72' lang='lat' dir='ltr'>propensione</span> <span class='ocrx_word' id='word_1_246' title='bbox 1124 2857 1233 2915; x_wconf 79' lang='lat' dir='ltr'>facturn</span> 
     </span>
     <span class='ocr_line' id='line_1_26' title="bbox 125 2951 1234 3031; baseline 0.002 -22"><span class='ocrx_word' id='word_1_247' title='bbox 125 2970 197 3010; x_wconf 79' lang='lat' dir='ltr'>eoae.</span> <span class='ocrx_word' id='word_1_248' title='bbox 239 2951 299 3010; x_wconf 87' lang='lat' dir='ltr'>Nee</span> <span class='ocrx_word' id='word_1_249' title='bbox 325 2952 450 3010; x_wconf 72' lang='lat' dir='ltr'>sufficiat</span> <span class='ocrx_word' id='word_1_250' title='bbox 470 2953 566 3011; x_wconf 83' lang='lat' dir='ltr'>dioere</span> <span class='ocrx_word' id='word_1_251' title='bbox 586 2952 711 3028; x_wconf 89' lang='lat' dir='ltr'>plurima</span> <span class='ocrx_word' id='word_1_252' title='bbox 731 2954 786 3011; x_wconf 90' lang='lat' dir='ltr'>hoe</span> <span class='ocrx_word' id='word_1_253' title='bbox 806 2973 898 3028; x_wconf 77' lang='lat' dir='ltr'>genua</span> <span class='ocrx_word' id='word_1_254' title='bbox 917 2955 1021 3011; x_wconf 83' lang='lat' dir='ltr'>endere</span> <span class='ocrx_word' id='word_1_255' title='bbox 1042 2955 1071 3011; x_wconf 91' lang='lat' dir='ltr'>in</span> <span class='ocrx_word' id='word_1_256' title='bbox 1093 2954 1234 3031; x_wconf 69' lang='lat' dir='ltr'>Olympia</span> 
     </span>
     <span class='ocr_line' id='line_1_27' title="bbox 125 3048 1233 3125; baseline 0.004 -21"><span class='ocrx_word' id='word_1_257' title='bbox 125 3067 208 3125; x_wconf 87' lang='lat' dir='ltr'>quae,</span> <span class='ocrx_word' id='word_1_258' title='bbox 227 3048 252 3105; x_wconf 88' lang='lat' dir='ltr'>ai</span> <span class='ocrx_word' id='word_1_259' title='bbox 273 3048 310 3104; x_wconf 87' lang='lat' dir='ltr'>ud</span> <span class='ocrx_word' id='word_1_260' title='bbox 330 3048 453 3124; x_wconf 83' lang='lat' dir='ltr'>optimos</span> <span class='ocrx_word' id='word_1_261' title='bbox 473 3048 568 3107; x_wconf 85' lang='lat' dir='ltr'>sentea</span> <span class='ocrx_word' id='word_1_262' title='bbox 588 3048 804 3119; x_wconf 83' lang='lat' dir='ltr'>adaoendimua,</span> <span class='ocrx_word' id='word_1_263' title='bbox 830 3069 888 3107; x_wconf 91' lang='lat' dir='ltr'>non</span> <span class='ocrx_word' id='word_1_264' title='bbox 908 3051 1000 3123; x_wconf 77' lang='lat' dir='ltr'>mugio</span> <span class='ocrx_word' id='word_1_265' title='bbox 1021 3050 1152 3108; x_wconf 82' lang='lat' dir='ltr'>minuare</span> <span class='ocrx_word' id='word_1_266' title='bbox 1172 3068 1233 3108; x_wconf 87' lang='lat' dir='ltr'>eor-</span> 
     </span>
     <span class='ocr_line' id='line_1_28' title="bbox 126 3143 1232 3223; baseline 0.008 -25"><span class='ocrx_word' id='word_1_267' title='bbox 126 3151 211 3218; x_wconf 82' lang='lat' dir='ltr'>rupta</span> <span class='ocrx_word' id='word_1_268' title='bbox 236 3162 300 3201; x_wconf 74' lang='lat' dir='ltr'>eoae</span> <span class='ocrx_word' id='word_1_269' title='bbox 327 3143 513 3203; x_wconf 82' lang='lat' dir='ltr'>inveniuntur</span> <span class='ocrx_word' id='word_1_270' title='bbox 538 3163 626 3222; x_wconf 90' lang='lat' dir='ltr'>quarn</span> <span class='ocrx_word' id='word_1_271' title='bbox 647 3144 759 3223; x_wconf 86' lang='lat' dir='ltr'>reliqua</span> <span class='ocrx_word' id='word_1_272' title='bbox 779 3145 915 3204; x_wconf 74' lang='lat' dir='ltr'>earmina</span> <span class='ocrx_word' id='word_1_273' title='bbox 937 3177 977 3188; x_wconf 91' lang='lat'>-</span> <span class='ocrx_word' id='word_1_274' title='bbox 997 3145 1058 3205; x_wconf 85' lang='lat' dir='ltr'>Nee</span> <span class='ocrx_word' id='word_1_275' title='bbox 1079 3166 1144 3204; x_wconf 88' lang='lat' dir='ltr'>eum</span> <span class='ocrx_word' id='word_1_276' title='bbox 1165 3145 1232 3207; x_wconf 79' lang='lat' dir='ltr'>Hnu</span> 
     </span>
     <span class='ocr_line' id='line_1_29' title="bbox 125 3239 1233 3321; baseline 0.007 -26"><span class='ocrx_word' id='word_1_277' title='bbox 125 3239 161 3298; x_wconf 83' lang='lat' dir='ltr'>N.</span> <span class='ocrx_word' id='word_1_278' title='bbox 177 3239 246 3309; x_wconf 79' lang='grc' dir='ltr'>Χ,6</span> <span class='ocrx_word' id='word_1_279' title='bbox 268 3240 367 3319; x_wconf 55' lang='lat' dir='ltr'>noenu?</span> <span class='ocrx_word' id='word_1_280' title='bbox 387 3241 416 3299; x_wconf 90' lang='lat' dir='ltr'>in</span> <span class='ocrx_word' id='word_1_281' title='bbox 438 3242 512 3299; x_wconf 71' lang='lat' dir='ltr'>uroei</span> <span class='ocrx_word' id='word_1_282' title='bbox 534 3242 643 3318; x_wconf 87' lang='lat' dir='ltr'>primae</span> <span class='ocrx_word' id='word_1_283' title='bbox 664 3243 800 3319; x_wconf 82' lang='lat' dir='ltr'>atrophue</span> <span class='ocrx_word' id='word_1_284' title='bbox 821 3243 954 3321; x_wconf 75' lang='lat' dir='ltr'>positum,</span> <span class='ocrx_word' id='word_1_285' title='bbox 974 3262 1026 3303; x_wconf 86' lang='lat' dir='ltr'>nae</span> <span class='ocrx_word' id='word_1_286' title='bbox 1046 3263 1112 3301; x_wconf 88' lang='lat' dir='ltr'>eum</span> <span class='ocrx_word' id='word_1_287' title='bbox 1132 3243 1182 3304; x_wconf 84' lang='grc' dir='ltr'>Βό.</span> <span class='ocrx_word' id='word_1_288' title='bbox 1197 3243 1233 3303; x_wconf 83' lang='grc' dir='ltr'>Ν.</span> 
     </span>
     <span class='ocr_line' id='line_1_30' title="bbox 125 3335 1005 3418; baseline 0.008 -27"><span class='ocrx_word' id='word_1_289' title='bbox 125 3335 174 3407; x_wconf 73' lang='grc' dir='ltr'>Ἠ,</span> <span class='ocrx_word' id='word_1_290' title='bbox 190 3341 226 3392; x_wconf 71' lang='grc'>«11</span> <span class='ocrx_word' id='word_1_291' title='bbox 251 3337 450 3413; x_wconf 60' lang='lat' dir='ltr'>neurospasta.</span> <span class='ocrx_word' id='word_1_292' title='bbox 472 3338 639 3410; x_wconf 71' lang='lat' dir='ltr'>invenerim,</span> <span class='ocrx_word' id='word_1_293' title='bbox 660 3345 815 3418; x_wconf 89' lang='lat' dir='ltr'>utrumque</span> <span class='ocrx_word' id='word_1_294' title='bbox 836 3340 897 3398; x_wconf 81' lang='lat' dir='ltr'>eine</span> <span class='ocrx_word' id='word_1_295' title='bbox 918 3339 1005 3399; x_wconf 88' lang='lat' dir='ltr'>libria.</span> 
     </span>
    </p>

    <p class='ocr_par' dir='ltr' id='par_1_3' title="bbox 125 3433 1235 3900">
     <span class='ocr_line' id='line_1_31' title="bbox 204 3433 1233 3515; baseline 0.006 -24"><span class='ocrx_word' id='word_1_296' title='bbox 204 3433 385 3492; x_wconf 82' lang='lat' dir='ltr'>Contrarium</span> <span class='ocrx_word' id='word_1_297' title='bbox 412 3435 513 3494; x_wconf 84' lang='lat' dir='ltr'>vitium</span> <span class='ocrx_word' id='word_1_298' title='bbox 537 3468 577 3478; x_wconf 96' lang='lat'>-</span> <span class='ocrx_word' id='word_1_299' title='bbox 604 3435 635 3497; x_wconf 73' lang='grc' dir='ltr'>ου’</span> <span class='ocrx_word' id='word_1_300' title='bbox 659 3455 711 3513; x_wconf 90' lang='lat' dir='ltr'>pro</span> <span class='ocrx_word' id='word_1_301' title='bbox 739 3435 751 3496; x_wconf 71' lang='grc' dir='ltr'>ι’</span> <span class='ocrx_word' id='word_1_302' title='bbox 778 3469 817 3478; x_wconf 95' lang='grc'>-</span> <span class='ocrx_word' id='word_1_303' title='bbox 841 3436 995 3515; x_wconf 87' lang='lat' dir='ltr'>nliquotiea</span> <span class='ocrx_word' id='word_1_304' title='bbox 1015 3436 1127 3510; x_wconf 80' lang='lat' dir='ltr'>aecidit,</span> <span class='ocrx_word' id='word_1_305' title='bbox 1147 3443 1180 3496; x_wconf 89' lang='lat' dir='ltr'>ut</span> <span class='ocrx_word' id='word_1_306' title='bbox 1200 3437 1233 3497; x_wconf 92' lang='lat'>0.</span> 
     </span>
     <span class='ocr_line' id='line_1_32' title="bbox 127 3529 1235 3616; baseline 0.008 -30"><span class='ocrx_word' id='word_1_307' title='bbox 127 3529 231 3601; x_wconf 71' lang='grc' dir='ltr'><strong>111,ῠῦ</strong></span> <span class='ocrx_word' id='word_1_308' title='bbox 253 3529 341 3613; x_wconf 59' lang='lat' dir='ltr'>nipe</span> <span class='ocrx_word' id='word_1_309' title='bbox 362 3532 450 3591; x_wconf 86' lang='lat' dir='ltr'>traxit</span> <span class='ocrx_word' id='word_1_310' title='bbox 471 3553 571 3592; x_wconf 80' lang='lat' dir='ltr'>vocem</span> <span class='ocrx_word' id='word_1_311' title='bbox 592 3532 687 3616; x_wconf 68' lang='grc' dir='ltr'><strong><em>ιιοςίι</em></strong></span> <span class='ocrx_word' id='word_1_312' title='bbox 708 3533 739 3591; x_wconf 91' lang='lat' dir='ltr'>iu</span> <span class='ocrx_word' id='word_1_313' title='bbox 759 3534 891 3593; x_wconf 74' lang='lat' dir='ltr'>omnibus</span> <span class='ocrx_word' id='word_1_314' title='bbox 912 3540 982 3594; x_wconf 85' lang='lat' dir='ltr'>vett</span> <span class='ocrx_word' id='word_1_315' title='bbox 1003 3554 1080 3607; x_wconf 78' lang='lat' dir='ltr'>maa,</span> <span class='ocrx_word' id='word_1_316' title='bbox 1099 3555 1164 3594; x_wconf 90' lang='lat' dir='ltr'>eum</span> <span class='ocrx_word' id='word_1_317' title='bbox 1185 3538 1235 3596; x_wconf 91' lang='lat' dir='ltr'>de·</span> 
     </span>
     <span class='ocr_line' id='line_1_33' title="bbox 126 3627 1235 3712; baseline 0.007 -28"><span class='ocrx_word' id='word_1_318' title='bbox 126 3627 204 3685; x_wconf 77' lang='lat' dir='ltr'>beret</span> <span class='ocrx_word' id='word_1_319' title='bbox 230 3647 293 3685; x_wconf 77' lang='lat' dir='ltr'>eoae</span> <span class='ocrx_word' id='word_1_320' title='bbox 321 3627 416 3709; x_wconf 66' lang='grc' dir='ltr'>ιοςῖις</span> <span class='ocrx_word' id='word_1_321' title='bbox 442 3635 471 3687; x_wconf 92' lang='lat' dir='ltr'>et</span> <span class='ocrx_word' id='word_1_322' title='bbox 491 3628 592 3701; x_wconf 81' lang='lat' dir='ltr'>P.1x‚</span> <span class='ocrx_word' id='word_1_323' title='bbox 609 3633 644 3686; x_wconf 84' lang='grc'>19</span> <span class='ocrx_word' id='word_1_324' title='bbox 666 3629 805 3712; x_wconf 69' lang='grc' dir='ltr'>οἱιιυςιῖι,</span> <span class='ocrx_word' id='word_1_325' title='bbox 826 3632 905 3710; x_wconf 86' lang='lat' dir='ltr'>quod</span> <span class='ocrx_word' id='word_1_326' title='bbox 924 3631 1131 3709; x_wconf 71' lang='lat' dir='ltr'>Hoaehopulue</span> <span class='ocrx_word' id='word_1_327' title='bbox 1157 3638 1235 3692; x_wconf 78' lang='lat' dir='ltr'>reete</span> 
     </span>
     <span class='ocr_line' id='line_1_34' title="bbox 125 3722 1234 3805; baseline 0.008 -27"><span class='ocrx_word' id='word_1_328' title='bbox 125 3723 155 3781; x_wconf 90' lang='lat' dir='ltr'>iu</span> <span class='ocrx_word' id='word_1_329' title='bbox 178 3722 290 3805; x_wconf 56' lang='lat' dir='ltr'>stupri»</span> <span class='ocrx_word' id='word_1_330' title='bbox 314 3725 463 3783; x_wconf 79' lang='lat' dir='ltr'>Aeolicum</span> <span class='ocrx_word' id='word_1_331' title='bbox 484 3731 611 3784; x_wconf 78' lang='lat' dir='ltr'>mutuare</span> <span class='ocrx_word' id='word_1_332' title='bbox 631 3725 761 3796; x_wconf 74' lang='lat' dir='ltr'>ridetur,</span> <span class='ocrx_word' id='word_1_333' title='bbox 787 3733 820 3784; x_wconf 92' lang='lat' dir='ltr'>ut</span> <span class='ocrx_word' id='word_1_334' title='bbox 844 3734 874 3784; x_wconf 88' lang='lat' dir='ltr'>et</span> <span class='ocrx_word' id='word_1_335' title='bbox 894 3727 1040 3786; x_wconf 82' lang='lat' dir='ltr'>Schmidio</span> <span class='ocrx_word' id='word_1_336' title='bbox 1065 3728 1161 3786; x_wconf 79' lang='lat' dir='ltr'>riaurn</span> <span class='ocrx_word' id='word_1_337' title='bbox 1182 3734 1234 3800; x_wconf 70' lang='lat' dir='ltr'>eet,</span> 
     </span>
     <span class='ocr_line' id='line_1_35' title="bbox 125 3820 718 3900; baseline 0.003 -21"><span class='ocrx_word' id='word_1_338' title='bbox 125 3840 302 3900; x_wconf 83' lang='lat' dir='ltr'>quamquem</span> <span class='ocrx_word' id='word_1_339' title='bbox 323 3820 537 3898; x_wconf 77' lang='lat' dir='ltr'>improbaverat</span> <span class='ocrx_word' id='word_1_340' title='bbox 557 3820 718 3881; x_wconf 84' lang='lat' dir='ltr'>Tricliniua.</span> 
     </span>
    </p>

    <p class='ocr_par' dir='ltr' id='par_1_4' title="bbox 126 3916 1235 4094">
     <span class='ocr_line' id='line_1_36' title="bbox 206 3916 1235 4000; baseline 0.006 -26"><span class='ocrx_word' id='word_1_341' title='bbox 206 3917 250 3976; x_wconf 91' lang='lat' dir='ltr'>De</span> <span class='ocrx_word' id='word_1_342' title='bbox 269 3916 376 3999; x_wconf 56' lang='grc' dir='ltr'>ι’ςχιίᾳ</span> <span class='ocrx_word' id='word_1_343' title='bbox 397 3917 530 4000; x_wconf 50' lang='lat' dir='ltr'>eanulf.</span> <span class='ocrx_word' id='word_1_344' title='bbox 551 3918 597 3977; x_wconf 88' lang='lat' dir='ltr'>eui</span> <span class='ocrx_word' id='word_1_345' title='bbox 618 3939 675 3977; x_wconf 89' lang='lat' dir='ltr'>non</span> <span class='ocrx_word' id='word_1_346' title='bbox 697 3924 811 3978; x_wconf 87' lang='lat' dir='ltr'>tuntum</span> <span class='ocrx_word' id='word_1_347' title='bbox 831 3920 980 3978; x_wconf 87' lang='lat' dir='ltr'>tribuerim</span> <span class='ocrx_word' id='word_1_348' title='bbox 993 3927 1134 4000; x_wconf 88' lang='lat' dir='ltr'>quantum</span> <span class='ocrx_word' id='word_1_349' title='bbox 1149 3922 1235 3980; x_wconf 85' lang='lat' dir='ltr'>hodie</span> 
     </span>
     <span class='ocr_line' id='line_1_37' title="bbox 126 4014 1234 4094; baseline 0.007 -23"><span class='ocrx_word' id='word_1_350' title='bbox 126 4033 180 4072; x_wconf 84' lang='lat' dir='ltr'>uau</span> <span class='ocrx_word' id='word_1_351' title='bbox 202 4014 287 4085; x_wconf 82' lang='lat' dir='ltr'>venit,</span> <span class='ocrx_word' id='word_1_352' title='bbox 309 4014 375 4073; x_wconf 81' lang='lat' dir='ltr'>ride</span> <span class='ocrx_word' id='word_1_353' title='bbox 394 4016 432 4073; x_wconf 84' lang='lat' dir='ltr'>nd</span> <span class='ocrx_word' id='word_1_354' title='bbox 446 4016 481 4074; x_wconf 77' lang='lat' dir='ltr'>N.</span> <span class='ocrx_word' id='word_1_355' title='bbox 498 4016 536 4086; x_wconf 84' lang='lat' dir='ltr'>X,</span> <span class='ocrx_word' id='word_1_356' title='bbox 551 4022 597 4072; x_wconf 71' lang='lat' dir='ltr'>uu.</span> <span class='ocrx_word' id='word_1_357' title='bbox 630 4016 749 4074; x_wconf 76' lang='lat' dir='ltr'>Iiueelu</span> <span class='ocrx_word' id='word_1_358' title='bbox 770 4021 846 4075; x_wconf 85' lang='lat' dir='ltr'>uerte</span> <span class='ocrx_word' id='word_1_359' title='bbox 867 4024 896 4075; x_wconf 88' lang='lat' dir='ltr'>et</span> <span class='ocrx_word' id='word_1_360' title='bbox 909 4018 1133 4078; x_wconf 82' lang='lat' dir='ltr'>eouaonautibua</span> <span class='ocrx_word' id='word_1_361' title='bbox 1146 4018 1234 4094; x_wconf 71' lang='lat' dir='ltr'>gemi-</span> 
     </span>
    </p>
   </div>
   <div class='ocr_carea' id='block_1_3' title="bbox 132 4148 422 4158">
    <p class='ocr_par' dir='ltr' id='par_1_5' title="bbox 132 4148 422 4158">
     <span class='ocr_line' id='line_1_38' title="bbox 132 4148 422 4158; baseline 0.007 -3"><span class='ocrx_word' id='word_1_362' title='bbox 132 4148 148 4155; x_wconf 59' lang='grc' dir='ltr'><strong>ι</strong></span> <span class='ocrx_word' id='word_1_363' title='bbox 157 4148 422 4158; x_wconf 50' lang='lat' dir='ltr'>om*—</span> 
     </span>
    </p>
   </div>
   <div class='ocr_carea' id='block_1_4' title="bbox 127 4224 1233 4388">
    <p class='ocr_par' dir='ltr' id='par_1_6' title="bbox 127 4224 1233 4388">
     <span class='ocr_line' id='line_1_39' title="bbox 196 4224 1233 4304; baseline 0.009 -23"><span class='ocrx_word' id='word_1_364' title='bbox 196 4231 225 4296; x_wconf 74' lang='grc'>*)</span> <span class='ocrx_word' id='word_1_365' title='bbox 244 4233 326 4284; x_wconf 68' lang='grc' dir='ltr'>ΟΜ).</span> <span class='ocrx_word' id='word_1_366' title='bbox 341 4233 383 4294; x_wconf 81' lang='lat' dir='ltr'>VI,</span> <span class='ocrx_word' id='word_1_367' title='bbox 401 4236 429 4282; x_wconf 74' lang='lat'>17</span> <span class='ocrx_word' id='word_1_368' title='bbox 449 4230 500 4299; x_wconf 67' lang='grc' dir='ltr'>δορὶ</span> <span class='ocrx_word' id='word_1_369' title='bbox 519 4234 555 4292; x_wconf 76' lang='grc' dir='ltr'>Α;</span> <span class='ocrx_word' id='word_1_370' title='bbox 575 4234 602 4283; x_wconf 80' lang='grc' dir='ltr'>Ρ.</span> <span class='ocrx_word' id='word_1_371' title='bbox 616 4234 649 4296; x_wconf 80' lang='lat' dir='ltr'>X,</span> <span class='ocrx_word' id='word_1_372' title='bbox 663 4238 694 4284; x_wconf 77' lang='lat'>⁴1</span> <span class='ocrx_word' id='word_1_373' title='bbox 715 4224 835 4302; x_wconf 66' lang='grc' dir='ltr'>ὂλᾶμινον</span> <span class='ocrx_word' id='word_1_374' title='bbox 853 4233 938 4296; x_wconf 58' lang='grc' dir='ltr'>ΕΜ</span> <span class='ocrx_word' id='word_1_375' title='bbox 962 4237 989 4286; x_wconf 81' lang='lat' dir='ltr'>P.</span> <span class='ocrx_word' id='word_1_376' title='bbox 1004 4236 1050 4297; x_wconf 81' lang='lat' dir='ltr'>lx,</span> <span class='ocrx_word' id='word_1_377' title='bbox 1062 4239 1095 4287; x_wconf 71' lang='grc'>21</span> <span class='ocrx_word' id='word_1_378' title='bbox 1116 4226 1188 4304; x_wconf 69' lang='lat' dir='ltr'>pianr</span> <span class='ocrx_word' id='word_1_379' title='bbox 1207 4234 1233 4290; x_wconf 75' lang='lat'>1:</span> 
     </span>
     <span class='ocr_line' id='line_1_40' title="bbox 127 4310 1111 4388; baseline 0.005 -23"><span class='ocrx_word' id='word_1_380' title='bbox 127 4316 155 4368; x_wconf 76' lang='grc' dir='ltr'>ι’.</span> <span class='ocrx_word' id='word_1_381' title='bbox 169 4315 211 4374; x_wconf 72' lang='lat' dir='ltr'>vt</span> <span class='ocrx_word' id='word_1_382' title='bbox 224 4319 254 4364; x_wconf 76' lang='lat'>²1</span> <span class='ocrx_word' id='word_1_383' title='bbox 275 4310 342 4382; x_wconf 70' lang='grc' dir='ltr'><strong>ὅρισι</strong></span> <span class='ocrx_word' id='word_1_384' title='bbox 365 4314 410 4384; x_wconf 71' lang='lat' dir='ltr'>Pu</span> <span class='ocrx_word' id='word_1_385' title='bbox 428 4319 488 4369; x_wconf 63' lang='lat' dir='ltr'>aa:</span> <span class='ocrx_word' id='word_1_386' title='bbox 507 4319 657 4381; x_wconf 75' lang='lat' dir='ltr'><strong>1‘.1v,10³</strong></span> <span class='ocrx_word' id='word_1_387' title='bbox 676 4310 744 4388; x_wconf 57' lang='grc' dir='ltr'><strong>,ἆραι</strong></span> <span class='ocrx_word' id='word_1_388' title='bbox 762 4331 789 4369; x_wconf 71' lang='lat' dir='ltr'>o</span> <span class='ocrx_word' id='word_1_389' title='bbox 807 4320 851 4373; x_wconf 83' lang='lat' dir='ltr'>rx.</span> <span class='ocrx_word' id='word_1_390' title='bbox 867 4323 898 4371; x_wconf 69' lang='grc' dir='ltr'>ιε</span> <span class='ocrx_word' id='word_1_391' title='bbox 917 4313 974 4386; x_wconf 65' lang='grc' dir='ltr'>κόρᾳ</span> <span class='ocrx_word' id='word_1_392' title='bbox 993 4323 1111 4371; x_wconf 69' lang='lat' dir='ltr'>nonnuur.</span> 
     </span>
    </p>
   </div>
   <div class='ocr_carea' id='block_1_5' title="bbox 0 0 1492 4996">
    <p class='ocr_par' dir='ltr' id='par_1_7' title="bbox 0 0 1492 4996">
     <span class='ocr_line' id='line_1_41' title="bbox 0 0 1492 4996; baseline 0 0"><span class='ocrx_word' id='word_1_393' title='bbox 0 0 1492 4996; x_wconf 95' lang='lat' dir='ltr'> </span> 
     </span>
    </p>
   </div>
  </div>
 </body>
</html>
