2970 5010
264 467 308 532 90
612 466 845 525 annotante
865 468 1021 527 catulus

343 635 436 693 Nemo
457 639 555 693 autem
575 635 813 693 animadvertisse
834 635 956 708 videtin,
975 658 1064 717 qnam
1084 640 1198 712 ingrata
1218 658 1255 696 ex
1275 638 1373 714 parili·

263 736 323 791 tate
347 751 466 790 casuum
486 731 658 807 ambiguitas
678 731 801 803 oriatur,
828 736 859 790 ut
879 734 1004 806 nemius,
1024 754 1095 793 num
1115 734 1257 809 Diagoras
1276 733 1373 792 sexies

263 829 292 886 in
319 828 495 904 Aegineticis
520 828 596 885 ludis
622 837 750 897 tantum,
777 848 814 886 an
840 829 870 886 in
899 829 1117 890 Pellenensibua
1141 839 1171 890 et
1195 830 1373 905 Aeginetieis

262 927 356 985 sexies
383 926 496 997 vicerit,
525 945 563 983 an
591 925 717 1005 denique
744 944 828 983 senas
856 927 992 1005 utrinque
1018 927 1153 986 victorias
1172 926 1371 1004 reportaverit

264 1024 321 1082 Sed
341 1024 366 1081 si
387 1020 513 1086 nimra‘
533 1021 577 1082 τ’·
598 1021 694 1103 Alys'rg
715 1050 744 1083 rt
765 1021 877 1083 stads-9⁵
894 1021 979 1095 ikn‘an
993 1023 1130 1101 scriptum
1144 1028 1214 1096 emi,
1228 1022 1371 1103 quispim

262 1121 309 1180 vel
330 1120 429 1196 legens
448 1120 496 1179 vel
516 1118 637 1178 audiens
658 1119 695 1177 de
715 1117 891 1194 Aeginetieis
912 1125 1025 1178 tantum
1045 1119 1173 1180 victoriis
1193 1138 1245 1180 sex
1261 1120 1307 1195 agi
1327 1120 1372 1178 in·

264 1219 419 1292 telligebat.

343 1314 390 1372 Sic
417 1320 503 1391 poeta
522 1318 552 1370 et
572 1311 707 1390 prudenti
728 1311 846 1371 oonsilio
866 1314 903 1371 ab
923 1331 1019 1372 errore
1039 1313 1226 1385 audientium,
1246 1319 1276 1373 et
1294 1314 1372 1374 iusto

263 1411 376 1488 pulchri
405 1429 492 1468 sensu
523 1409 650 1468 imbutus
680 1429 698 1467 a
724 1410 844 1468 tumoris
868 1410 1081 1488 vituperatione
1105 1410 1189 1470 cavit
1236 1410 1372 1473 Profecto

264 1528 322 1565 non
350 1506 434 1565 facile
463 1516 538 1576 erat,
568 1527 657 1585 quum
686 1506 853 1565 undecim
883 1507 1073 1567 certaminum
1102 1506 1166 1566 loca
1197 1508 1373 1568 commanda

263 1611 367 1674 essent,
388 1612 436 1661 eut
458 1604 589 1681 putidum
610 1622 768 1675 recensum,
793 1608 845 1661 aut
865 1603 979 1663 inanem
999 1604 1275 1684 magniloquentiam
1297 1606 1372 1666 ean-

262 1721 337 1777 gere.
370 1701 442 1760 l'ide
463 1720 551 1781 quam
571 1701 641 1759 scite
661 1701 729 1758 inde
750 1701 787 1758 ab
806 1699 889 1759 initio
910 1701 1068 1760 orationem
1089 1702 1252 1762 variaverit
1282 1701 1372 1763 lodo

264 1799 366 1872 locum,
386 1801 470 1858 modo
492 1798 647 1870 viennam,
667 1800 752 1856 mede
773 1818 926 1858 numerum
945 1799 1130 1859 victoriarum
1149 1797 1233 1858 aliter
1245 1798 1371 1877 protert3

263 1897 347 1955 mede
368 1899 436 1969 leuc,
464 1897 547 1956 mode
569 1899 620 1956 illa
639 1903 784 1974 sunctum
804 1899 907 1971 utitur,
934 1899 1081 1959 dissimilis
1100 1897 1150 1957 ille
1171 1897 1295 1956 Pindaro
1316 1898 1371 1957 Be

263 1995 407 2068 rolinensi,
427 1996 476 2074 qui
498 1995 573 2054 belle
593 2001 624 2054 et
642 1995 756 2055 excelse
775 1996 830 2054 sibi
851 1995 930 2076 loqui
943 1997 1097 2056 videbatur
1109 1995 1140 2054 in
1153 1994 1205 2054 illo
1218 1995 1255 2054 de
1268 1994 1372 2054 Russis

503 2091 543 2152 tie
565 2091 720 2152 nubentes
741 2104 835 2152 uerte
857 2091 906 2152 mit
925 2091 1007 2164 eden,
1028 2091 1069 2152 tie

503 2207 548 2249 om
569 2187 746 2264 fflldetitdten,
768 2185 936 2264 steapitdca,
959 2184 1116 2265 &nuttam

502 2284 605 2348 &unet
626 2286 750 2362 uelata,
771 2292 822 2346 cea
843 2286 947 2360 reuben

502 2380 682 2458 &lanienam
703 2390 754 2444 eea
774 2379 910 2457 Dtttoten,

502 2487 556 2539 uae
579 2485 637 2540 tem
659 2475 764 2541 lotar
784 2496 829 2539 eat
850 2476 1038 2558 &engerssuie

263 2580 341 2637 Idem
364 2598 427 2636 etim
450 2578 587 2652 Magnum
609 2578 726 2652 Regem,
747 2577 864 2636 meliore
884 2577 1008 2636 Pindaro
1033 2579 1161 2652 dignum,
1181 2579 1369 2655 praedicarat,

261 2696 333 2744 non,
360 2683 392 2733 ut
419 2682 517 2733 noster
543 2676 579 2733 de
605 2673 744 2748 Diagora,
771 2674 878 2733 sanctis
899 2694 951 2752 pro
972 2676 1034 2734 eius
1053 2674 1191 2734 felieimte
1210 2684 1241 2734 et
1260 2674 1370 2734 umidis

260 2772 392 2850 precibus
416 2771 535 2830 laudum
563 2790 666 2846 agmen
694 2771 801 2845 coegit,
828 2772 879 2829 sed
904 2771 1118 2831 modestiam
1144 2772 1261 2832 victoris
1283 2792 1318 2830 co
1338 2772 1369 2831 in

261 2871 317 2928 flne
342 2869 477 2926 carminis
502 2869 618 2940 extulit,
646 2869 724 2947 quod
751 2889 802 2942 „se
828 2869 922 2946 ipsum
948 2869 1048 2929 divina
1073 2890 1138 2928 cum
1159 2870 1369 2950 tranquillitate

262 2967 365 3024 intueri
391 2966 517 3024 omnium
544 2967 755 3045 triumphorum
780 2987 909 3026 nummus
936 2974 1013 3026 esset
1033 2968 1221 3045 erumpitur
1261 2965 1369 3029 Quam·

261 3086 349 3143 quarn
370 3084 445 3144 quae
473 3064 521 3122 ille
547 3065 583 3121 de
611 3065 696 3122 llusa
722 3085 775 3123 sua
802 3085 859 3123 non
888 3065 983 3123 venali
1009 3065 1103 3137 addit,
1129 3065 1224 3126 virum
1246 3065 1368 3143 probum

261 3163 424 3221 ostendunt
468 3164 507 3219 at
532 3163 655 3220 honesta
675 3160 726 3219 illa
747 3166 777 3219 et
796 3161 901 3236 frigida
921 3161 1168 3240 magniloquentia
1187 3165 1330 3240 quantum
1351 3182 1368 3218 a

259 3277 346 3315 vero
367 3266 452 3334 poeta
472 3258 574 3316 distat!

340 3351 484 3408 Bdckhius
510 3352 538 3409 in
564 3351 661 3410 libello
689 3353 725 3410 de
746 3352 817 3410 Crini
843 3351 880 3410 dc
900 3352 1059 3411 laconicae
1086 3354 1166 3413 urbis
1190 3355 1368 3430 oegnominis

259 3447 453 3524 appellatione
475 3450 598 3508 utrum
618 3450 762 3518 admoum,
782 3468 857 3527 quae
877 3449 946 3508 olim
967 3450 1113 3509 Achaicae
1133 3471 1249 3531 quoque
1269 3451 1365 3512 fuerit

259 3545 408 3621 Kayserus
430 3543 525 3625 stylis
545 3571 573 3604 n
595 3544 663 3604 ηιῖι
692 3545 805 3603 coniicit
824 3552 854 3605 et
873 3566 940 3605 cum
960 3566 1041 3626 seqq.
1063 3549 1104 3606 ita
1124 3549 1225 3623 iungit,
1245 3555 1279 3608 ut
1297 3548 1368 3608 Dis·

259 3661 343 3717 geraa
369 3640 494 3714 Megaris
524 3649 555 3699 et
582 3643 710 3717 Aeginae
740 3662 825 3702 senas
854 3644 988 3704 victorin
1018 3648 1215 3724 reportaverit.
1257 3647 1366 3706 &dam

260 3758 346 3797 sensu
372 3737 633 3797 Rauchensteinius
658 3737 763 3799 ,κᾶθ’
790 3740 845 3799 diei
871 3743 998 3817 potuisse
1022 3753 1134 3813 censet,
1168 3743 1210 3802 ita
1233 3753 1268 3801 nt
1294 3747 1366 3815 aaa

259 3835 340 3897 αὐτὸ
363 3835 482 3900 inst..
504 3835 588 3901 nti·
609 3856 626 3895 e
645 3857 725 3916 seqq.
746 3838 944 3898 subaudiatur.
985 3839 1048 3899 Hoc
1068 3841 1135 3915 (etsi
1154 3840 1311 3911 whemte,
1329 3841 1367 3900 de

259 3954 316 4012 quo
337 3934 375 3990 nd
397 3933 540 4000 0.t,1os
561 3934 701 4004 diximus,
728 3935 844 3992 defendi
865 3937 971 4012 potest)
993 3932 1192 4008 durissimum,
1214 3936 1285 3995 illud
1306 3956 1364 3995 non

259 4032 453 4088 neceesarium
474 4039 525 4088 est.
568 4031 627 4088 Nec
649 4031 807 4110 quidquam
828 4032 864 4089 de
885 4053 937 4091 sex
958 4033 1083 4091 victoriis
1104 4034 1257 4108 Megaricis
1278 4033 1365 4092 tradi·

259 4133 321 4184 tum
342 4129 488 4186 habemus.
531 4127 574 4184 Ne
595 4127 709 4203 ltergkii
730 4128 847 4207 quidem
868 4131 1031 4188 coniectura
1051 4127 1150 4191 otuinus
1170 4131 1208 4188 ab
1228 4130 1366 4206 ambigui·

258 4224 327 4281 tatis
352 4224 470 4282 erimine
497 4224 587 4283 libera
614 4234 665 4283 est.
691 4257 723 4268 -
747 4226 898 4283 Caeterum
927 4246 983 4285 non
1008 4225 1102 4284 solum
1122 4227 1248 4286 editores
1268 4246 1365 4288 reesa·

259 4321 362 4378 tissimi
392 4320 444 4377 aad
476 4321 561 4379 etiam
591 4323 723 4381 nonnulli
750 4323 857 4381 librarii
882 4323 1040 4382 haembam
1066 4344 1124 4403 quo
1150 4323 1256 4387 κεῖθ’
1282 4327 1366 4401 lka'us
