2976 4996
265 477 309 543 98
613 473 845 535 murano
868 471 1025 534 caruca

265 644 345 703 nbna
364 661 433 705 raro
453 661 567 721 semper
586 643 684 722 aliqua
704 643 877 718 ambiguitas
896 643 980 713 inest,
1000 642 1056 701 nisi
1075 641 1298 719 perpetuitatem
1311 657 1375 699 ora-

265 741 351 799 tionis
375 740 519 816 respicias
560 738 604 799 Of.
619 738 653 799 Ο.
668 739 734 810 VII,
749 744 796 800 513.
817 739 849 797 P.
866 739 905 807 II,
921 742 956 795 ll
971 746 1025 798 etc.
1040 745 1094 797 ete.
1135 738 1165 796 Si
1190 739 1228 796 de
1253 736 1375 795 Jamidis

266 837 345 916 loqui
375 836 528 907 solidaret,
557 837 587 894 id
614 837 791 914 expressius,
822 837 935 913 opinor,
965 834 1133 912 protulisset
1152 840 1246 912 poeta.
1286 833 1377 891 Porro

264 933 419 991 uanmbim
446 933 671 1008 generalioribus
698 933 794 991 verbis
819 932 915 990 tacere
942 930 1029 1003 aolet;
1055 935 1100 988 est
1126 936 1223 989 antem
1248 930 1278 988 ln
1299 928 1318 988 l
1339 930 1377 987 ab

264 1030 383 1089 exordio
409 1030 448 1087 ad
473 1029 563 1105 ipsius
589 1029 705 1087 uictoria
730 1048 777 1086 rea
801 1027 983 1086 transiturus.
1030 1024 1124 1088 Quem
1154 1026 1308 1085 transitum
1334 1024 1376 1083 ita

265 1125 390 1185 instituit
421 1131 454 1183 ut
483 1126 525 1183 dc
552 1126 721 1201 precibus
749 1123 922 1200 generaliter
948 1123 1061 1180 locutus
1085 1123 1146 1200 ipae
1171 1141 1298 1199 preces
1323 1140 1376 1198 pro

266 1222 354 1281 choro
374 1221 539 1298 recipiendo
559 1221 654 1292 faciat,
674 1241 759 1280 sunm
779 1223 816 1279 dc
837 1220 974 1298 precandi
994 1220 1100 1279 effectu
1119 1227 1305 1298 praeseptum
1326 1238 1376 1279 ex·

268 1317 364 1396 amplo
384 1319 582 1394 comprobans.
622 1318 831 1403 Relinquamna
851 1318 940 1392 igitur
958 1323 1080 1376 ratum
1101 1335 1238 1393 preces,
1258 1317 1295 1375 de
1315 1316 1378 1395 qui·

266 1414 320 1472 bus
346 1413 523 1472 Seholiastae
550 1417 580 1471 et
605 1413 778 1487 glossatorea
797 1413 925 1471 Biickhio
951 1419 980 1471 et
1005 1412 1136 1489 Kos-sero
1161 1418 1377 1489 persuaserunt.

266 1510 476 1589 Relinquamus
496 1510 584 1568 etiam
603 1510 811 1581 Thierschium,
832 1511 882 1590 qui
903 1510 1024 1569 Iorem
1044 1509 1244 1568 subaudiriaae
1263 1508 1379 1567 ridetur

266 1606 399 1683 precibus
426 1607 665 1679 interrogatorum
691 1607 929 1679 satisfacientem
955 1607 1033 1686 quod
1054 1612 1086 1664 ut
1106 1607 1143 1664 de
1162 1606 1306 1664 sententia
1325 1605 1379 1663 mi·

265 1703 344 1762 nime
368 1703 499 1780 ineptum
524 1710 582 1774 est,
608 1704 648 1761 ita
668 1722 769 1762 rcreor
788 1709 821 1761 ut
841 1703 985 1761 Graccum
1006 1703 1051 1760 sit
1091 1702 1168 1760 Nam
1188 1703 1242 1760 etsi
1262 1701 1294 1761 P.
1315 1700 1379 1766 sair

266 1799 373 1862 ἐνέπει
399 1804 504 1881 stapes<
531 1800 637 1857 dixerit
658 1799 701 1873 (P.
716 1800 756 1872 ll,
771 1801 833 1871 te),
859 1800 954 1858 medio
980 1794 1095 1859 ἔησθα
1117 1800 1221 1877 (eoque
1241 1818 1306 1857 cum
1326 1797 1378 1855 da·

266 1898 325 1957 tiro
346 1899 520 1970 constructo)
541 1917 716 1977 quemquam
737 1918 822 1955 usum
842 1917 906 1955 ease
924 1896 1072 1975 exemplis,
1093 1896 1171 1974 quod
1185 1895 1282 1966 sciam,
1302 1913 1378 1953 com·

265 1997 421 2053 monstrari
442 1995 550 2073 nequit.

346 2091 452 2150 Fateor
472 2110 518 2148 rue
539 2110 652 2167 semper
671 2091 768 2148 adhuc
787 2084 878 2150 liures
893 2095 980 2154 arr-ia
992 2088 1222 2166 impersonaliter
1234 2087 1379 2164 aoeepisae

267 2189 344 2263 (cnm
358 2188 405 2245 Di.
426 2197 455 2246 et
470 2188 540 2259 Su.)
560 2187 606 2244 tit
627 2187 805 2264 perfectio
826 2186 1011 2263 precibus,
1031 2186 1129 2244 dativo
1149 2186 1298 2253 commodi,
1319 2205 1378 2244 noa

266 2282 487 2342 instmmentali.
527 2282 612 2339 Nunc
633 2301 723 2360 quum
744 2281 856 2339 nullum
876 2288 1007 2340 veterum
1027 2282 1216 2359 interpretum
1237 2283 1326 2341 rerba
1338 2282 1379 2339 ita

268 2379 464 2439 construxisse
484 2378 612 2447 rideam,
637 2378 824 2457 eiusdemque
845 2386 1006 2436 structurae
1034 2379 1150 2437 rarioris
1177 2378 1250 2451 (lla
1279 2381 1379 2447 5297,

269 2493 337 2532 ann.
360 2478 391 2543 23
411 2472 463 2531 Kr.
485 2477 500 2541 ς
521 2477 568 2532 52.
589 2479 616 2542 3,
636 2478 667 2544 ὃς
689 2478 715 2544 t,
736 2475 767 2545 b)
792 2474 924 2551 exempla
944 2474 1099 2533 Pindarico
1124 2495 1171 2533 me
1197 2473 1300 2550 legisse
1319 2493 1379 2533 non

270 2570 458 2640 meminerim,
478 2571 582 2628 erroris
602 2590 649 2628 me
669 2590 768 2646 arguo.
803 2571 866 2629 Iam
888 2590 904 2629 e
924 2572 1067 2649 prioribus
1087 2571 1248 2630 subiectum
1267 2576 1380 2647 repeta-

269 2670 318 2725 tur
336 2685 456 2724 neoeaae
475 2672 528 2725 eat

347 2762 410 2821 usu
434 2764 587 2821 verborum
613 2759 685 2827 ἐκ.
710 2763 819 2824 urrisu
832 2770 885 2823 etc.
907 2766 1068 2823 accuratius
1088 2765 1246 2842 pensitato,
1264 2764 1379 2823 diversa

266 2858 381 2918 ulmeri
399 2866 519 2936 apparet
539 2878 557 2917 a
576 2859 796 2937 lexicogmphio,
815 2861 864 2938 qul
885 2856 970 2933 adius
985 2869 1012 2919 et
1027 2859 1129 2932 odino
1145 2860 1284 2934 (ἇφιλῶ),
1305 2859 1376 2921 ἆτο-

266 2962 349 3018 nat·
378 2955 519 3038 (tangaris)
539 2961 569 3015 et
588 2954 769 3019 uvassio„
793 2955 941 3017 ιἰιλίηιιι
966 2957 1152 3032 coniungunt
1194 2956 1269 3014 Nam
1294 2957 1373 3015 alind

267 3071 332 3112 asae
351 3053 468 3111 ridetur
486 3052 538 3114 isa
558 3048 599 3131 [et
612 3049 703 3131 ιῖιυμι]
725 3053 802 3111 unde
823 3054 930 3112 iactum
952 3062 995 3111 est
1015 3054 1094 3118 isin,
1116 3060 1148 3111 ut
1162 3053 1247 3116 imin
1259 3055 1297 3112 ab
1311 3052 1377 3114 iau

269 3150 318 3225 (et
339 3150 409 3210 Lab.
429 3150 512 3208 Patla
535 3150 657 3222 L324)3
682 3149 762 3208 aliud
786 3154 838 3212 inu
864 3154 905 3224 (et
918 3151 1011 3228 ὸνμι)
1033 3151 1197 3209 derivatum
1217 3170 1255 3208 ex
1275 3150 1378 3227 priore,

269 3247 398 3322 praefixo
419 3247 450 3307 ἆ.
471 3267 563 3327 eoque
583 3268 649 3306 enm
665 3247 757 3305 altero
770 3248 790 3307 i
802 3248 931 3318 confuso,
952 3258 984 3305 ut
998 3248 1138 3325 ipsiipsi»,
1158 3245 1282 3329 ipsiquo.
1302 3244 1376 3323 ἐμέ-

268 3369 314 3402 no
334 3342 449 3420 aliaque
469 3363 526 3400 non
547 3363 647 3419 pauca
685 3343 729 3400 De
749 3350 854 3419 etymo,
875 3344 899 3400 ei
920 3345 1083 3420 proximum
1104 3339 1226 3420 ἷι-ι-μκ
1240 3343 1377 3402 adhibere

268 3437 344 3507 lieet,
363 3440 533 3515 metaphora
553 3439 752 3511 navigantium
772 3440 878 3509 subest,
899 3445 931 3496 ut
952 3434 1018 3500 ἕιω
1039 3441 1156 3516 proprie
1168 3439 1257 3499 fuerit
1269 3459 1377 3517 expe·

265 3533 349 3591 dire
373 3542 481 3590 rento
501 3533 673 3603 secundo,
701 3532 809 3595 ἆ-ἆηιι
837 3534 991 3605 (ix-disol
1019 3537 1194 3595 contrarium
1220 3537 1375 3595 admodum

266 3631 324 3690 ie.
345 3637 452 3688 rento
473 3649 491 3688 a
511 3650 619 3690 cursu
646 3630 847 3709 depellere,
873 3632 920 3691 rol
948 3642 1057 3692 rento
1077 3632 1294 3710 dispellere.
1335 3634 1375 3689 At

265 3728 303 3786 de
323 3728 378 3786 hae
397 3745 429 3786 ra
449 3728 567 3787 rideant
583 3729 754 3806 Etymologi.
797 3730 841 3787 De
862 3730 1070 3803 significatione
1090 3733 1203 3787 tantum
1224 3727 1294 3786 mihi
1309 3746 1376 3786 eon·

264 3829 337 3894 stat,
357 3826 424 3885 ivn.
444 3824 540 3901 bopo.
561 3823 629 3887 ξιον
649 3845 713 3885 ease
733 3826 905 3897 ettieere,
924 3827 1129 3903 perticere,
1149 3826 1277 3883 iurare
1298 3820 1376 3898 (flou

265 3922 380 3995 madito,
394 3917 530 3991 iittttu);
550 3932 579 3980 et
593 3923 773 3981 intransitive
786 3923 832 3980 rel
852 3924 965 3999 passive
984 3923 1183 4000 prolicere,
1203 3938 1376 3998 prospere

264 4016 478 4086 succedere,
502 4021 655 4096 expedit
681 4028 752 4091 teca
774 4016 889 4079 &tantu
915 4022 1014 4097 gtbta,
1047 4016 1106 4089 dett
1131 4016 1215 4092 itin),
1246 4018 1297 4075 aed
1322 4021 1376 4078 ivn

265 4105 372 4192 [bapt.
392 4110 510 4194 uri-nl
536 4115 730 4192 dissipare,
760 4133 984 4182 consumere,
1009 4114 1233 4183 deminuere,
1263 4114 1375 4173 corri-

263 4208 461 4286 parapter),
486 4211 595 4270 tinem
620 4211 752 4280 tacere,
777 4220 808 4269 ct
826 4210 941 4288 passive
961 4211 1143 4277 desinere,
1164 4211 1271 4270 elabi
1313 4208 1375 4269 Pri·

264 4304 356 4364 niem
375 4309 428 4366 is·
446 4307 616 4367 tennusima
635 4316 749 4368 tentum
768 4305 890 4380 vestigia
909 4314 1074 4382 supersunt,
1094 4315 1126 4365 ut
1145 4308 1176 4367 in
1194 4306 1245 4367 illo
1264 4304 1374 4366 Home·
